2910 4950
782 393 847 458 144

295 604 435 692 gamus,
461 602 516 688 qui
537 610 628 688 putat
650 621 790 665 onasum
810 606 935 686 praeter
952 598 1034 666 liano
1052 600 1155 689 legem
1175 600 1213 667 de
1231 603 1322 671 soda-

293 713 373 780 liciis
399 706 494 779 aliam
524 714 619 779 etiarn
650 712 757 779 tulisse
786 711 825 776 de
854 711 975 777 ambitu
1003 714 1191 793 coercendo,
1216 716 1322 801 quod-

294 849 357 912 que
374 825 499 891 confieit
516 849 556 891 ex
572 824 593 892 l.
612 824 633 890 l.
655 847 759 890 nronrs
775 847 872 890 cassu
886 834 918 889 et
929 848 967 890 ex
980 824 1082 891 verbis
1093 847 1273 892 crcnuorrs:
1291 826 1318 915 ¹)

294 960 402 1025 „quae
441 937 566 1003 comitia
599 937 738 1022 primum
771 936 887 1002 habore
921 938 1022 1023 coepit
1055 938 1183 1016 consul,
1218 962 1321 1024 quum

294 1048 468 1135 „omnibus
505 1050 538 1113 in
577 1047 671 1113 rebus
709 1070 834 1134 summa
870 1049 1072 1128 auctoritate,
1108 1059 1177 1115 tum
1211 1051 1323 1125 harum

295 1163 457 1249 „ipsarum
486 1163 585 1246 legum
612 1161 739 1225 ambitos
769 1159 907 1228 anctor.''
933 1159 960 1249 ²)
1008 1161 1127 1226 Reiecit
1148 1160 1231 1227 hane
1253 1163 1321 1249 opi·

294 1275 421 1339 nionem
457 1296 607 1339 nonnsrnr
638 1272 665 1362 ³)
703 1282 734 1337 et
766 1273 836 1337 iure
862 1282 908 1337 est
937 1271 996 1338 hoc
1026 1284 1215 1359 argumento
1245 1297 1323 1340 usus

295 1385 381 1473 qnod
411 1408 479 1451 rem
509 1385 642 1451 dirimit:
668 1384 808 1466 „harum
831 1384 971 1470 ipsarum
995 1383 1125 1472 legurn'’
1150 1385 1232 1451 malo
1254 1410 1322 1453 esse

294 1498 415 1564 dictum
445 1498 470 1561 si
499 1496 539 1562 ad
565 1497 661 1562 aliam
684 1507 847 1581 praetcrea
869 1517 986 1560 cronno
1009 1496 1177 1583 respiceret
1195 1497 1214 1562 i.
1228 1521 1256 1564 e.
1282 1498 1322 1564 ad

295 1609 391 1676 aliam
414 1608 518 1696 legem
542 1631 637 1693 quarn
661 1631 700 1674 ex
722 1630 786 1693 qua
808 1630 958 1673 rannerus
987 1629 1060 1672 reus
1081 1617 1160 1675 orat.
1202 1609 1323 1677 Vereor

294 1744 337 1787 ne
356 1719 505 1785 audaciae
524 1721 621 1784 immo
640 1720 839 1807 arrogantiae
861 1742 935 1783 reus
952 1718 1040 1797 fiam,
1064 1719 1090 1784 si
1106 1729 1152 1784 tot
1166 1722 1323 1807 tantisque

295 1830 370 1896 viris
388 1829 638 1895 dissentientibus
656 1830 777 1893 iuvenis
796 1828 967 1894 admodum
987 1852 1089 1895 meam
1113 1831 1322 1916 qualemcun-

294 1965 359 2029 que
386 1941 564 2028 opinionem
584 1940 616 2006 in
640 1939 778 2006 medinm
797 1941 974 2026 proferam
1007 1941 1061 2007 sed
1084 1952 1188 2009 tamen
1207 1943 1322 2012 faciam

292 2064 327 2120 et
355 2054 495 2140 primum
525 2075 682 2138 apponam
713 2052 797 2119 locos
827 2064 864 2119 ut
892 2078 931 2121 ex
957 2055 994 2119 iis
1015 2056 1194 2141 opinionem
1216 2080 1322 2124 meam

297 2176 412 2253 petam.

339 2278 458 2343 Crorno
480 2276 586 2343 scribit
600 2279 646 2366 ⁴l²
672 2278 866 2359 „decuriatio
888 2279 1058 2358 tribulium,
1082 2281 1242 2366 descriptio
1253 2304 1321 2366 po-

297 2391 403 2476 „puli,
439 2391 593 2477 suffropio
626 2390 787 2474 largitione
809 2390 946 2455 detineto
968 2391 1163 2456 severitatem
1186 2392 1322 2459 Senatus

296 2512 358 2584 „et
385 2502 543 2567 bonorum
578 2502 720 2566 omnium
754 2501 818 2565 vim
843 2501 869 2588 ὃ)
904 2524 942 2566 ac
966 2501 1107 2567 dolorem
1131 2504 1319 2570 excitarunt.

295 2614 409 2695 „Haec
440 2611 531 2690 doce,
556 2612 633 2677 haec
655 2611 762 2697 profer
787 2635 989 2692 cannuensis,
1024 2614 1192 2679 decuriasse
1222 2637 1320 2679 runn-
1414 2652 1421 2660 ·

298 2747 421 2809 ηοω,
457 2724 681 2809 concrepuere,
718 2736 900 2810 sequestrem
934 2725 1050 2811 fnisse,
1081 2727 1318 2811 pronuntiasse,

296 2835 490 2920 ‚,dioisisse.’'
544 2837 704 2924 Suffragia
737 2835 903 2922 largitione
936 2835 1094 2914 devincta,
1126 2848 1319 2922 sequestrem

295 2948 405 3028 fuisse,
441 2949 665 3034 pronuntiare,
689 2947 843 3026 dividere,
868 2948 945 3013 haec
971 2949 1077 3014 omnia
1098 2951 1257 3034 pertinent
1277 2950 1320 3017 ad

293 3084 498 3128 communem
528 3059 680 3126 ambitum
710 3069 742 3124 et
769 3069 861 3125 orant
889 3061 1002 3146 opinor
1027 3061 1172 3127 omnibus
1195 3063 1319 3150 legibus

296 3172 334 3238 de
366 3172 487 3238 ambitu
520 3172 631 3249 uetita,
663 3181 768 3236 cetera
801 3182 921 3237 restant
952 3173 1050 3261 igitur
1079 3174 1254 3263 singularia
1283 3176 1316 3241 in

292 3283 352 3350 hac
375 3282 596 3348 sodediciorum
619 3303 722 3348 causa.
773 3316 776 3320 .

324 3579 344 3648 ¹)
362 3584 428 3634 Ibin.
447 3589 480 3634 ao
498 3584 511 3650 o
529 3590 572 3634 sa.

325 3664 347 3734 ²)
365 3669 522 3720 Wrnnnsns
545 3671 646 3735 Proleg.
671 3672 704 3723 ad
726 3673 813 3725 Plane.
838 3674 855 3722 l.
879 3675 931 3724 ΙΙΙ.
954 3690 975 3725 e.
995 3681 1010 3724 3
1028 3675 1041 3738 t
1062 3680 1083 3724 l.
1119 3674 1221 3727 Oasin.
1237 3683 1318 3727 totam

291 3766 418 3802 werpum
435 3755 466 3804 de
481 3757 552 3820 Lege
568 3757 666 3807 Licinia
681 3758 875 3821 disputationem
889 3759 976 3810 inserit
990 3759 1082 3812 Onom.
1097 3760 1166 3810 'lull
1180 3761 1238 3811 Ind.
1254 3762 1318 3823 Leg.

289 3852 314 3902 p.
334 3843 479 3890 noo-sio.

323 3918 345 3986 ὅ)
362 3923 509 3975 Monnsns.
528 3941 568 3989 op.
586 3925 603 3974 l.
623 3941 647 3990 p.
666 3932 707 3976 4³.

322 4002 343 4065 ⁴)
362 4006 416 4057 cic.
436 4023 459 4071 p.
479 4009 566 4058 Plane.
590 4014 617 4058 rs
636 4009 649 4073 o
667 4014 707 4057 45.

324 4086 344 4153 ⁵)
364 4091 392 4153 [l.
412 4092 496 4154 iram]
