2910 4950
646 411 709 474 18?

168 617 302 684 bebatur
320 616 360 682 de
379 619 446 681 iare
463 619 709 703 moqt‘strotroon²
732 627 770 683 ut
787 617 921 682 absentis
932 618 1012 683 ratio
1027 618 1053 708 ι)
1068 620 1099 685 in
1113 621 1192 706 peti·

167 733 251 797 tione
271 754 313 795 ne
334 730 513 796 haberetur.
537 729 564 817 2)
602 732 644 794 nt
662 735 716 795 τοῦ
735 731 899 808 Πομπηΐου
917 728 963 793 ἔτι
983 731 1192 804 ὑτοοτεύοντος

167 843 220 907 καὶ
250 843 332 907 οὐδὲν
362 843 560 914 ἀντειπόντος
590 843 757 923 ἐκεκύρωτο
788 844 896 928 perX
925 852 964 907 tr.
989 842 1032 927 pl.
1058 852 1094 906 ut
1117 834 1193 907 car-

167 977 256 1020 ssms
286 953 421 1018 absentis
451 955 532 1018 ratio
561 954 740 1021 haberetur.
767 953 793 1042 ³)
841 954 955 1019 Scribit
984 974 1134 1019 serranus
1162 954 1194 1020 id

167 1073 298 1130 auctore
328 1086 468 1130 cursare
498 1088 563 1131 esse
593 1065 712 1131 factum
743 1075 824 1132 atr.
848 1064 910 1151 pl.;
944 1086 1060 1130 otnero
1085 1075 1195 1130 contra

167 1188 279 1243 auctor
301 1189 347 1242 est
369 1179 472 1263 ipsum
495 1200 657 1245 tonsarum
680 1199 737 1265 per
759 1188 799 1244 tr.
820 1177 863 1265 pl.
884 1177 916 1242 id
934 1177 1072 1243 effecisse
1093 1177 1119 1267 ⁴)
1143 1177 1196 1243 cui

167 1288 388 1354 adsentiuntur
412 1312 466 1354 nro
486 1313 606 1356 cassim
628 1291 655 1379 5)
677 1303 708 1355 et
726 1312 906 1356 suoromos.
926 1291 953 1378 ὓ)
989 1291 1045 1354 llic
1064 1313 1132 1354 rem
1151 1290 1196 1355 sic

166 1412 293 1467 narrat:
318 1400 501 1484 „acciderat
523 1414 560 1467 ut
581 1404 607 1467 is
632 1402 806 1491 (renierus)
832 1440 877 1451 —
901 1401 1004 1467 ferens
1022 1424 1060 1467 eo
1079 1403 1193 1489 capite,

167 1533 257 1597 „quo
292 1531 310 1574 a
344 1511 493 1596 petitione
531 1510 689 1577 honorum
725 1512 868 1577 absentes
901 1512 1119 1591 submovebat,
1154 1534 1196 1578 ne

167 1644 357 1705 „orrum
385 1621 511 1707 quidem
543 1625 702 1710 exciperet
732 1646 790 1711 per
820 1624 1025 1702 oblivionem,
1062 1646 1100 1689 ac
1122 1644 1197 1689 mox

107 1715 109 1720 ³
167 1734 264 1822 „lege
294 1736 357 1799 iam
388 1735 421 1798 in
452 1758 504 1800 aes
533 1736 630 1801 incisa
653 1747 684 1801 et
707 1738 738 1802 in
763 1737 921 1802 aerarium
945 1735 1070 1802 condita
1093 1735 1196 1801 corri-

167 1858 285 1934 „geret
313 1847 488 1914 errorem.”
536 1848 719 1914 Simultates
749 1872 787 1916 eo
814 1861 955 1934 tempore
978 1869 1110 1935 magnas
1133 1849 1196 1912 iam

168 1961 318 2024 exstitisse
355 1983 515 2025 rouretum
552 1961 635 2025 inter
668 1971 700 2025 et
734 1983 899 2026 utsstnru
932 1982 997 2024 non
1032 1971 1077 2024 est
1111 1957 1197 2045 quod

168 2066 356 2135 dubitemus.
398 2071 554 2135 Portemus
583 2069 692 2134 τοίοτοο
719 2065 754 2143 ἦν
784 2069 855 2134 τότε
884 2071 915 2133 ἐν
942 2070 1061 2151 ‘Polam
1088 2067 1116 2155 ⁷)
1141 2070 1197 2154 qui

168 2179 208 2244 ab
230 2203 268 2245 eo
290 2182 582 2247 exterminabantur
607 2181 650 2270 (et
668 2191 760 2246 erant
782 2180 829 2244 illi
852 2191 900 2245 sat
922 2179 1027 2269 multi)
1053 2180 1092 2246 ad
1116 2202 1195 2246 catt-

168 2315 273 2357 sanerr
300 2293 526 2382 confugiebant
552 2304 584 2358 et
614 2293 690 2380 quid
720 2292 887 2358 moliretur
909 2315 1035 2358 unctos
1058 2292 1099 2358 ad
1121 2315 1195 2358 eum

167 2401 358 2473 deferebant.
405 2408 531 2471 Interea
552 2406 769 2494 gravissimam
790 2403 912 2470 cladem
933 2426 1022 2490 passa
1041 2407 1195 2491 estllesp.

167 2515 200 2578 in
232 2537 367 2594 cntsso,
399 2539 463 2581 non
494 2516 596 2582 solum
630 2515 714 2602 quod
741 2538 759 2580 a
782 2515 903 2580 Parthis
925 2517 1079 2582 exercitus
1102 2518 1195 2584 Rom.

169 2637 216 2693 est
249 2628 437 2716 profligatus
470 2628 525 2695 sed
559 2628 644 2715 quod
671 2650 801 2694 cursous
835 2639 881 2694 est
909 2629 1106 2707 interfectus,
1142 2625 1197 2715 qui

203 2931 292 3000 1)1)ιο
310 2943 413 2981 ctssrus
431 2930 449 2979 l.
468 2929 485 2978 1.
521 2928 576 2978 Cre.
598 2929 631 2977 ad
649 2928 704 2977 Att.
724 2927 800 2978 VIII.
820 2933 835 2976 3
854 2927 867 2992 d
886 2933 910 2977 2.

201 3014 222 3082 ²)
240 3018 280 3066 No
297 3014 354 3080 quis
373 3019 442 3077 putet
462 3011 521 3060 novi
537 3012 599 3076 quid
614 3025 757 3061 nostrerum
774 3011 822 3060 hoc
840 3011 865 3060 in
887 3025 915 3060 re
934 3012 1060 3072 sanxisse3
1079 3021 1132 3063 erat
1149 3013 1198 3065 hoc

169 3102 219 3151 iam
230 3109 296 3151 ante
320 3100 390 3150 VIII
414 3111 493 3147 annos
512 3097 568 3159 lege
582 3096 726 3154 definitum
747 3109 880 3146 rotimus
896 3095 943 3146 hoe
957 3105 1115 3162 praeceptum
1130 3099 1198 3162 quod

167 3187 294 3238 candidati
311 3185 484 3248 largitionibus
503 3184 618 3232 inefficax
636 3182 796 3231 reddiderant
813 3182 982 3232 ἀνενεώσατο
1000 3185 1016 3233 i.
1035 3198 1058 3234 c.
1075 3185 1197 3246 restituit,

168 3275 194 3324 in
221 3274 299 3323 vitam
325 3270 458 3320 revocavit.
493 3267 546 3316 Dio
573 3279 675 3316 orsurus
703 3266 760 3314 XL.
785 3270 826 3315 tt.
863 3266 965 3315 Adiecit
988 3267 1047 3316 huic
1064 3278 1197 3333 praecepto

167 3357 236 3408 aliud
252 3355 326 3422 qnid,
343 3369 394 3419 quo
412 3352 516 3403 omnino
533 3349 621 3399 nullom
636 3350 743 3400 reddidit
758 3357 837 3400 toturn
851 3364 919 3409 rem;
936 3351 1020 3400 sanxit
1038 3352 1104 3401 scil:
1121 3352 1197 3403 nerni-

168 3457 227 3493 nem
251 3443 298 3491 hac
322 3441 378 3503 lege
401 3439 465 3488 solvi
488 3452 559 3501 posse
577 3437 626 3486 nisi
643 3436 684 3486 cui
706 3436 856 3485 nominatim
873 3436 921 3484 hoc
939 3434 1020 3484 fuerat
1037 3450 1197 3496 concessum,

168 3528 236 3593 quod
261 3526 349 3575 eodem
373 3525 451 3582 redit,
470 3523 504 3572 nit
526 3536 572 3571 n1o
589 3522 607 3570 l.
623 3521 641 3569 l.
659 3535 687 3570 ac
710 3522 731 3569 ei
748 3521 851 3570 omnino
869 3535 920 3569 non
939 3521 1119 3583 prohibuisset,
1137 3536 1197 3570 nam

168 3695 232 3745 catio
251 3693 436 3743 concederetur.

131 3846 135 3850 ι
202 3777 222 3844 ³)
241 3780 309 3828 Aer.
328 3779 359 3826 B.
378 3776 407 3825 C.
426 3777 463 3824 11.
481 3781 522 3827 25.

202 3861 222 3927 ⁴)
240 3863 294 3913 c1c.
314 3861 345 3909 ao
363 3861 418 3909 rm.
437 3861 515 3909 vm.
535 3864 550 3909 ο
570 3861 585 3923 s
605 3865 628 3908 ο.

204 3943 224 4012 5)
241 3946 293 3994 Dio
311 3957 414 3994 crssros
433 3942 491 3991 XL.
512 3947 552 3992 tt.

206 4027 226 4092 ὓ)
244 4030 323 4081 Surr.
340 4029 411 4080 Caes.
433 4032 474 4076 tt.
493 4027 644 4080 Dissentitur
663 4045 686 4079 v.
703 4040 790 4079 nunus
809 4027 867 4076 diss.
879 4027 912 4077 de
924 4039 967 4077 cn.
979 4040 1099 4079 roureto
1113 4043 1137 4094 p.
1154 4033 1195 4079 ⁵1.

203 4113 223 4179 ⁷)
242 4115 310 4165 Aer.
330 4115 361 4163 B.
374 4114 403 4164 C.
422 4113 459 4162 11.
479 4117 520 4160 25.
