2910 4950
628 417 693 484 205

139 630 326 723 gitionibus3
356 628 457 716 quod„
470 649 548 694 vero
581 629 672 692 annis
699 624 905 712 sequentibus
937 623 1034 691 huius
1063 627 1168 693 erimi-

140 748 189 811 nis
219 745 411 809 mentionem
441 740 508 806 fere
538 762 603 806 non
626 739 816 818 invenimus,
840 737 900 804 hae
921 738 1105 825 praesertim
1128 739 1168 805 de

141 880 237 923 causa
254 856 372 921 factum
388 877 453 918 esse
472 852 608 917 arbitror
625 851 710 938 quod
728 875 856 917 sorren
875 862 907 917 et
926 872 1074 916 caesaris
1093 874 1169 917 eon·

142 969 296 1036 tentiones
323 968 424 1055 magis
452 965 616 1053 magisque
646 967 805 1030 Romanos
827 962 968 1028 detinere
991 965 1167 1050 coeperint;

143 1091 289 1167 apertum
320 1089 389 1143 erat
417 1076 494 1163 quid
524 1098 662 1155 crustu,
695 1076 897 1162 perspicuum
921 1075 996 1162 quid
1020 1097 1171 1141 nourrius

143 1192 321 1257 moliretur.
368 1191 426 1255 llio
457 1188 624 1255 consulatu
654 1211 712 1253 suo
738 1189 831 1252 tertio
853 1185 977 1274 plebem
1001 1189 1173 1253 omninoa

144 1329 177 1370 se
210 1304 372 1382 disiunxit3
409 1325 529 1368 crusna
561 1301 618 1368 sibi
650 1301 814 1366 artificiose
847 1302 1005 1364 tenuiores
1034 1299 1174 1381 Quirites

146 1413 296 1482 devinxit.
333 1417 490 1480 Portemus
513 1415 599 1501 leges
619 1412 752 1491 tulerat,
770 1435 848 1499 quus
866 1412 1003 1476 Romani
1022 1410 1170 1490 oderunt;

148 1550 411 1613 unamquamque
428 1526 557 1591 illarum
582 1525 707 1613 legum,
731 1525 755 1589 si
775 1525 818 1588 ita
837 1523 1015 1602 ridebatur,
1036 1524 1100 1610 ipse
1117 1544 1174 1588 ne·

146 1637 296 1728 gligebat¹
317 1641 441 1705 Crustu
456 1647 566 1704 eontra
580 1636 696 1703 multas
711 1636 797 1725 leges
808 1635 942 1715 tulerat,
959 1658 1040 1722 quae
1056 1633 1176 1722 populo

147 1762 257 1839 gratae
285 1761 390 1830 erant;
421 1773 503 1838 quae
533 1748 590 1814 sibi
621 1748 792 1836 proderant
813 1771 871 1834 per
892 1749 1010 1813 amieos
1032 1746 1177 1812 ferendas

148 1864 282 1929 curavit.
310 1864 336 1950 ¹)
385 1863 474 1928 Auro
507 1865 539 1927 in
570 1861 675 1925 Gallia
702 1870 813 1945 parato
836 1860 912 1924 emit
934 1858 1091 1940 Quirites,
1116 1858 1177 1923 ad-

147 1968 313 2056 iunxitque
336 1971 393 2036 sibi
417 1971 546 2049 milites,
571 1993 650 2057 quos
673 1969 749 2035 belli
768 1971 900 2057 peritos,
925 1970 1052 2034 vincere
1071 1968 1178 2036 solitos

149 2103 191 2145 ex
214 2079 319 2144 Gallie
338 2080 369 2144 in
386 2078 498 2144 urbem
517 2078 625 2159 duxit,
645 2079 701 2144 ubi
719 2103 871 2146 sonemus
890 2102 963 2145 eum
983 2080 1178 2146 senatoribus

150 2190 304 2258 debilibus
333 2216 366 2257 se
388 2191 556 2257 defendere
583 2214 646 2256 non
671 2202 804 2278 poterat.
851 2195 902 2258 Sic
925 2214 1044 2258 cursen
1068 2193 1178 2258 Dicta-

150 2315 257 2370 turam
288 2315 413 2383 nactus,
445 2303 534 2368 bonis
564 2304 816 2391 repugnantibus
849 2304 898 2391 (ut
920 2325 1071 2369 cinerosi
1095 2313 1179 2368 certe

150 2414 328 2503 videbatur)
360 2414 473 2480 habitis
496 2414 630 2480 comitiis
651 2412 887 2492 consularibus,
916 2437 948 2478 se
975 2415 1079 2500 ipsum
1099 2435 1179 2479 con-

151 2527 251 2592 sulem
276 2527 448 2593 creandum
473 2526 605 2592 curarit.

197 2638 322 2723 Operae
351 2641 488 2724 pretium
519 2647 565 2702 est
592 2637 714 2715 ridere,
747 2659 842 2722 quam
872 2637 984 2703 callide
1013 2636 1091 2704 haee
1115 2638 1182 2723 ipse

154 2771 273 2812 cresin
297 2759 406 2812 narret
429 2747 476 2835 ²):
508 2746 688 2829 „dictatore
716 2745 851 2812 habente
875 2747 999 2812 comitia
1022 2768 1179 2828 cursare,

155 2859 327 2943 „eonsules
358 2870 517 2925 creantur¹
540 2880 644 2923 ruerus
674 2880 791 2924 erasas
822 2869 854 2925 et
887 2882 915 2926 e.
947 2882 1124 2942 senrrrrus3
1155 2861 1182 2927 is

156 2974 268 3054 „enim
295 2981 363 3037 erat
394 2993 510 3049 annus,
541 2993 605 3056 quo
628 2993 685 3057 per
708 2970 786 3059 legis
809 2973 838 3038 ei
861 2971 1023 3039 consulem
1046 2974 1114 3038 fieri
1137 2972 1182 3040 li-

156 3094 270 3166 „ceret
300 3081 364 3171 3).”
422 3080 471 3146 td
504 3104 600 3167 quem
640 3082 746 3147 locum
787 3083 1102 3151 animadvertendum
1137 3095 1184 3151 est

156 3218 321 3261 eamearn
354 3218 419 3260 non
452 3218 526 3260 eum
558 3218 640 3274 esse,
673 3196 728 3280 qui
755 3196 781 3261 si
810 3219 861 3262 res
887 3197 931 3262 ita
956 3197 1102 3264 tulissent
1122 3198 1184 3264 hoe

157 3308 300 3397 legitimo
322 3307 473 3373 decennio
493 3306 719 3386 deterreretur,
741 3310 796 3393 qui
815 3310 910 3375 etiam
927 3311 1018 3377 citius
1037 3311 1183 3377 consule-

158 3430 228 3485 tum
251 3431 393 3507 eaperet3
418 3420 603 3507 praesertim
626 3442 726 3506 quum
750 3421 885 3487 triennio
911 3434 984 3487 ante
1003 3424 1066 3489 iam
1089 3446 1185 3513 aegre

159 3530 283 3597 tulisset
301 3533 385 3618 quod
402 3555 573 3599 arourrro
589 3533 646 3598 sibi
658 3535 779 3600 vacatio
792 3534 870 3622 legis
882 3535 955 3601 data
966 3560 1030 3602 non
1043 3549 1136 3615 esset,
1148 3547 1187 3603 ut

161 3643 273 3710 absens
300 3655 430 3730 peteret.
472 3644 590 3711 Deinde
609 3657 720 3712 eontra
742 3669 862 3713 morem
883 3649 1102 3714 Romanorum
1118 3657 1187 3714 erat

197 3863 217 3929 ¹)
235 3865 302 3916 Vide
319 3881 343 3914 v.
361 3879 382 3914 e
400 3866 518 3918 Vatinius
534 3871 603 3936 leges
620 3871 687 3937 opud
704 3882 855 3922 suenum
872 3887 895 3921 u
912 3887 939 3921 u.
956 3887 979 3923 e.
999 3875 1058 3921 695.
1077 3870 1107 3923 C.
1126 3874 1169 3923 ⁶9.

196 3945 218 4015 Ἰ)
235 3950 314 4001 Cius.
332 3951 363 3999 B.
375 3950 404 4000 C.
422 3951 474 4002 III.
496 3956 517 4003 l.

198 4032 218 4098 ⁵)
236 4034 373 4086 Gnucnrus
390 4036 422 4086 de
439 4036 552 4088 comitiis
570 4040 593 4089 Ι.
612 4047 636 4091 3.
655 4058 678 4106 p.
697 4055 795 4093 enarr.
814 4042 891 4094 Thes.
911 4045 970 4093 trs.
985 4041 1017 4093 T.
1032 4042 1056 4092 Ι,
1073 4052 1139 4093 urs.
1157 4041 1189 4094 de

164 4119 279 4183 Magistr.
297 4136 319 4170 e.
339 4125 363 4170 4.
380 4134 434 4187 sqq.
