2910 4950
622 419 684 487 153

143 654 193 698 ces
225 638 316 694 crant
347 625 499 715 eligendi,
534 623 588 689 sed
622 624 804 711 quomodo?
861 629 945 693 Eone
972 631 1067 697 modo
1100 656 1164 719 quo

142 763 291 807 secorius
320 738 465 824 scripsit?
494 736 579 822 quod
600 736 744 824 singulae
768 736 867 803 tribue
889 761 928 803 ex
951 763 1008 805 suo
1031 765 1165 810 numero

143 853 260 918 iudices
279 850 457 937 „suffragio
475 849 641 927 creabant,
666 848 721 934 qui
740 871 778 912 eo
797 871 881 914 anno
899 851 1119 920 iudicarentl”
1137 855 1163 944 1)

144 967 229 1029 Ilaec
247 964 272 1027 ei
289 984 364 1025 vera
383 971 428 1025 cet
446 960 552 1046 opinio
581 959 745 1048 (numanae
767 962 937 1046 quinorum
957 963 1112 1030 donorum
1130 979 1168 1035 ut

145 1086 214 1140 erat
235 1097 275 1138 ex
294 1073 365 1160 lege
384 1074 480 1142 Varia
496 1072 535 1136 ad
553 1082 692 1137 nostram
713 1095 840 1139 causam
855 1074 900 1139 nil
920 1076 1029 1166 refert)
1051 1081 1168 1164 optime

145 1186 291 1251 convenit
306 1208 379 1250 cum
398 1183 501 1250 verbis
519 1206 699 1250 cremasse:
715 1183 742 1270 ²)
764 1207 843 1265 „nos
861 1209 964 1272 neque
983 1211 1023 1253 ex
1041 1189 1169 1258 delectis

145 1349 163 1382 „
172 1297 326 1362 iudicibus
336 1296 390 1362 sed
402 1319 440 1362 ec
452 1297 534 1361 omni
544 1298 661 1381 populo
672 1317 776 1380 neque
791 1294 890 1361 editoe
907 1296 947 1362 ad
965 1299 1168 1367 reiiciendum

145 1408 224 1492 „sed
258 1409 298 1473 ab
332 1420 513 1473 accusatore
544 1408 728 1472 constitutos
755 1407 872 1472 iudices
900 1409 943 1473 ita
973 1409 1111 1478 feremus
1132 1424 1171 1478 ut

145 1522 329 1603 „neminem
354 1517 576 1584 reiiciamus?’'
623 1517 800 1586 vocabula:
825 1518 865 1583 ab
890 1534 1071 1611 recreatore
1094 1548 1170 1591 con·

146 1634 284 1710 stitutos,
309 1631 351 1696 ita
386 1639 460 1696 sunt
489 1628 670 1716 accipienda
703 1639 739 1694 ut
772 1629 981 1719 intelligatur:
1014 1658 1071 1700 nos
1104 1660 1169 1703 non

145 1742 296 1808 habemus
326 1741 443 1807 iudices
473 1764 513 1806 ex
536 1763 673 1828 quorum
696 1763 832 1806 numero
861 1765 1026 1828 possumus
1050 1746 1171 1833 aliquot

145 1856 273 1920 reiicere
291 1853 345 1918 sed
361 1865 524 1919 accusator
546 1877 598 1918 eos
615 1853 791 1932 constituit3
816 1854 836 1918 i.
851 1877 879 1919 e.
899 1866 1000 1920 certos
1018 1856 1171 1925 habemus

147 1966 263 2032 iudices
292 1964 429 2030 delectos
458 1988 497 2029 ex
520 1964 681 2042 tribubus,
706 1986 785 2049 quas
808 1964 903 2030 edidit
925 1979 1090 2033 accusator
1111 1992 1171 2034 ncc

146 2088 192 2140 cst
214 2076 352 2161 praetori
373 2074 433 2141 hac
456 2075 494 2140 de
518 2097 553 2139 re
575 2074 681 2160 aliqua
704 2085 853 2160 postestas
876 2099 1031 2144 concessa.
1078 2081 1170 2168 Cogi-

146 2191 206 2254 tari
229 2189 312 2253 enim
336 2211 399 2252 non
423 2196 525 2274 potest
547 2195 760 2252 accusatorem
784 2187 886 2273 ipsum
906 2187 1035 2276 elegisse
1054 2190 1171 2258 iudices

146 2323 185 2366 ex
215 2299 359 2366 tribubus
388 2322 407 2364 a
437 2322 469 2364 sa
499 2298 600 2378 editis3
633 2321 707 2363 nam
738 2297 782 2363 sic
804 2321 898 2377 reus,
925 2310 961 2364 ut
983 2302 1026 2366 ait
1056 2325 1170 2371 crosno

147 2434 212 2476 non
248 2409 287 2475 ad
321 2409 439 2476 iudices
472 2409 526 2475 sed
559 2408 599 2474 ad
633 2409 794 2475 carnifices
827 2412 956 2477 veniret.
994 2413 1021 2502 ³)
1081 2415 1171 2496 Quae

147 2534 255 2587 tamen
287 2523 391 2608 opinio
414 2521 576 2610 profertur
604 2543 622 2586 a
647 2542 808 2589 warnero
834 2521 860 2611 ⁴)
894 2522 1025 2604 dicenti,
1054 2526 1171 2593 iudices

147 2634 286 2700 editicios
319 2657 384 2699 esse
412 2635 466 2719 qui
496 2634 536 2700 ab
567 2646 750 2700 accusatore
768 2637 821 2699 ita
850 2646 924 2701 sunt
954 2639 1113 2704 constituti
1134 2651 1172 2705 ut

146 2768 242 2812 nemo
275 2766 386 2808 eorum
420 2745 508 2809 reiici
542 2755 655 2830 posset.
702 2745 787 2826 Quid
821 2748 921 2833 magis
956 2749 1072 2814 mirum
1106 2773 1172 2816 esso

146 2865 248 2945 potest
278 2876 374 2941 quam
404 2853 482 2919 haec
508 2852 649 2918 definitio.
668 2857 700 2919 in
724 2879 778 2933 eo,
803 2858 858 2941 qui
880 2859 1053 2925 orationem
1077 2860 1172 2928 edidit

146 2991 205 3056 pro
238 2989 387 3044 meacm,
427 2989 467 3030 ex
501 2989 564 3052 qua
595 2965 707 3031 confici
740 2976 840 3053 potest
874 2966 955 3033 hanc
985 2974 1171 3041 sententiam

146 3103 254 3145 veram
275 3102 338 3144 non
362 3102 427 3143 esse
447 3075 486 3166 ⁵).
537 3076 664 3165 [Opinio
687 3077 742 3143 illa
767 3101 921 3144 wusorm
944 3092 1017 3146 nata
1041 3106 1105 3148 esse
1125 3086 1171 3149 vi·

109 3272 111 3278 y
147 3191 240 3257 detur
270 3213 309 3255 ex
341 3189 411 3254 loco
441 3185 546 3254 schol.
570 3187 647 3251 Bob.
674 3211 840 3274 perperam
864 3211 883 3254 a
906 3212 985 3254 ιιιιο
1007 3192 1169 3279 suppleto,

147 3301 217 3368 side
239 3326 269 3390 p.
298 3302 371 3366 151.
396 3323 428 3366 ιι.
454 3299 498 3387 2.]
548 3298 628 3364 Gssu
649 3299 676 3387 ⁰)
703 3302 832 3366 omnino
854 3325 1007 3369 wusnrar
1030 3316 1061 3371 ct
1078 3329 1171 3374 ufsa-

146 3414 272 3501 rsa17)
310 3412 494 3477 sententiam
523 3412 724 3498 amplectitur
754 3412 807 3479 scd
836 3415 930 3481 simul
961 3417 1079 3485 refutat
1108 3419 1171 3486 fal-

182 3600 201 3661 1)
220 3600 283 3650 Asc.
301 3616 341 3665 ap.
359 3616 454 3652 οιιειι..
473 3618 497 3667 p.
518 3606 557 3653 79.

180 3681 201 3751 ²)
219 3685 274 3735 Crc.
293 3700 317 3748 p.
335 3686 423 3736 Plane.
446 3691 474 3737 17
494 3688 507 3752 5
525 3693 565 3737 41.

181 3768 421 3837 ³)c1c.p.1>1anc.
443 3776 473 3821 16
492 3773 505 3838 §
524 3778 565 3822 41.

181 3851 201 3917 ⁴)
218 3855 374 3904 Wusnsncs
392 3856 455 3920 prol.
474 3872 498 3920 p.
516 3856 658 3907 LXXVII.
677 3856 708 3906 cf.
726 3869 763 3905 oa
780 3869 845 3905 ιιιιι.
864 3855 921 3906 dise.
940 3855 957 3905 l.
976 3871 1000 3920 p.
1022 3863 1055 3907 40
1073 3873 1109 3924 eq.

183 3934 202 3999 ⁵)
220 3938 275 3987 Cre.
293 3953 317 4002 p.
335 3939 424 3989 Plane.
448 3944 477 3988 17
496 3940 509 4004 d
528 3947 557 3990 41
579 3948 603 3991 ct
621 3941 689 3990 olibi.

182 4020 202 4085 ⁶)
219 4021 296 4073 Gara.
314 4022 405 4074 Gcsch.
423 4025 467 4074 dee
484 4025 557 4074 litim.
576 4025 654 4076 Crim.
671 4026 744 4077 I'roc.
763 4041 787 4090 p.
807 4031 865 4076 313.
883 4023 970 4090 Lcipz.
993 4029 1065 4076 1842.

183 4105 204 4173 ⁷)
222 4108 350 4159 Wasrea„
369 4108 544 4173 Rcchtsgoech.
564 4125 587 4174 p.
608 4114 665 4160 stt.
