2910 4950
704 400 768 465 113

219 611 303 680 enim
334 608 414 676 illud
444 608 657 674 testimonium
687 614 810 693 petere,
850 606 1056 694 [quamquam
1090 608 1151 676 hoe
1179 635 1243 681 non

150 736 152 740 ’
219 721 356 810 additur]
402 721 443 786 ab
477 721 544 807 ipso
577 741 734 786 cronnonn
764 742 879 805 nempe
912 743 952 785 en
986 719 1033 785 his
1067 722 1169 788 verbis
1199 727 1241 813 ¹):

217 856 344 920 „poena
377 833 506 921 gravior
535 833 567 898 in
601 832 725 918 plebem
755 831 926 919 efflagitata
956 842 1067 897 est-
1094 839 1244 902 commoti

216 956 316 1027 „sunt
358 945 456 1010 animi
496 945 677 1010 tenuiorum
706 983 752 992 -
783 942 913 1009 exilium
948 944 980 1009 in
1013 955 1157 1011 nostrum
1192 971 1244 1013 or·

216 1105 235 1138 „
244 1056 367 1136 dinem,
404 1057 554 1122 concessit
589 1058 723 1122 Senatus
752 1053 955 1141 postulationi
982 1065 1056 1120 tuae
1088 1057 1143 1122 sed
1177 1081 1241 1124 non

215 1168 378 1250 „libenter
406 1167 566 1234 duriorem
591 1205 638 1218 —-
667 1166 877 1233 conditionem
913 1168 1107 1235 constituit”.
1152 1171 1241 1234 Bou·

215 1302 321 1347 curun
352 1281 396 1346 sie
425 1281 629 1346 ratiocinatus
660 1303 726 1344 esse
756 1277 897 1357 videtum
928 1291 1032 1344 nostro
1056 1281 1157 1345 ordini
1186 1304 1242 1367 op-

215 1391 345 1478 ponitur
364 1393 462 1478 plebs.
510 1393 548 1456 In
578 1399 724 1455 nostrum
757 1387 900 1454 ordinem
930 1389 1060 1454 exilium
1086 1392 1241 1457 eonstitu-

214 1513 284 1568 tum
307 1512 368 1583 est;
394 1501 573 1588 in.plebem
597 1523 698 1589 poena
721 1501 859 1588 gravior.
907 1501 991 1582 Quid
1011 1500 1090 1566 adeo
1112 1504 1243 1589 gravius

213 1623 260 1679 est
278 1614 391 1679 exilio?
414 1613 567 1699 Infamia.
596 1615 681 1678 Haec
695 1613 801 1677 omniu
815 1610 888 1677 inde
902 1624 1133 1698 provenerunt,
1154 1614 1240 1700 quod

213 1723 267 1789 ille
292 1722 399 1790 locum
429 1743 594 1793 ciceronis
624 1746 688 1789 non
719 1721 883 1788 intellexit.
929 1725 1063 1789 Srnvms
1082 1748 1239 1793 sunrrcrns

212 1836 296 1903 enim
330 1835 513 1922 providebat
539 1835 606 1901 fore
629 1846 666 1901 ut
691 1835 755 1920 ipse
785 1857 850 1900 non
873 1845 1049 1916 crearetur3
1079 1836 1155 1922 quid
1177 1838 1238 1925 igi-

211 1949 286 2013 tur?
330 1947 507 2035 Flagitabat
539 1946 646 2034 legem
676 1946 865 2015 severiorem
899 1945 938 2011 de
966 1946 1104 2026 ambitu,
1141 1970 1238 2034 quam

212 2059 264 2126 lex
282 2058 461 2144 Calpurnia.
508 2058 694 2123 Graviorem
714 2058 812 2144 igitur
829 2078 963 2141 poenam
980 2057 1012 2122 in
1031 2057 1156 2143 plebem
1175 2061 1195 2125 i.
1209 2083 1239 2126 e.

211 2170 245 2236 in
273 2181 448 2255 corruptos,
479 2166 533 2252 qui
561 2167 713 2253 suffragia
743 2163 921 2230 vendebant
950 2167 1096 2232 constitui
1127 2167 1236 2235 voluit.

211 2281 278 2345 Hoc
300 2302 364 2343 non
388 2279 460 2342 satis
483 2286 567 2356 erat3
600 2277 622 2341 ii
645 2299 770 2362 quoqne
797 2276 851 2361 qni
878 2277 1141 2364 corrumpendam
1165 2280 1237 2366 ple-

211 2389 283 2456 bem
314 2389 469 2455 curabant
501 2387 653 2475 puniendi
682 2397 773 2454 erant
804 2388 932 2476 gravius
967 2411 1063 2475 quam
1098 2413 1138 2455 ex
1167 2388 1238 2478 lege

212 2502 392 2588 Calpurnia.
437 2499 587 2566 Additum
608 2501 783 2589 igiturest:
809 2500 933 2565 exitium
950 2502 1053 2564 decem
1076 2525 1235 2569 annorum.

254 2614 453 2679 Abalienavit
477 2635 634 2677 sunrrcrus
657 2635 677 2676 a
699 2636 731 2677 se
754 2611 913 2677 tenuiores
938 2611 1023 2696 quod
1046 2611 1156 2678 durior
1179 2614 1237 2679 sibi

210 2747 311 2811 poena
334 2723 484 2803 instabat3
513 2725 648 2788 Senatus
676 2722 773 2810 (quod
796 2721 944 2786 noluerat
965 2722 997 2786 in
1021 2721 1092 2809 lege
1114 2724 1235 2788 Corne-

209 2835 259 2916 lii,
284 2836 456 2922 Calpurnia
477 2834 565 2920 lege,
590 2833 757 2919 severiore)
784 2833 963 2919 graviorem
985 2833 1017 2897 in
1035 2857 1068 2898 se
1088 2835 1236 2900 constitui

209 2967 345 3034 poenam
368 2954 415 3009 est
436 2962 560 3029 passus,
585 2939 720 3006 sednon
740 2940 883 3005 libenter.
930 2941 972 3005 At
994 2941 1070 3026 quid
1093 2967 1170 3028 opus
1186 2945 1234 3010 his

209 3057 336 3124 verbis?
382 3051 610 3121 Demonstrabo
628 3075 667 3117 ex
686 3053 752 3139 ipsa
771 3051 912 3117 oratione
928 3074 987 3137 pro
1005 3075 1133 3118 muneri
1152 3054 1234 3120 hane

210 3191 407 3236 noncnrnnn
431 3165 610 3252 opinionem
629 3187 694 3230 esse
710 3163 831 3231 falsam.
879 3164 913 3230 L.
939 3186 1067 3229 unsrun
1082 3187 1147 3230 non
1164 3178 1235 3233 erat

210 3281 359 3370 patricius
379 3280 424 3367 ²);
450 3279 550 3367 igitur
571 3299 673 3363 poena
692 3278 723 3340 in
744 3298 817 3340 eum
841 3273 1026 3340 damnatum
1049 3285 1128 3341 esset
1148 3276 1233 3342 infa-

210 3393 273 3458 mia
297 3392 343 3482 8);
372 3401 511 3456 attamen
542 3411 658 3455 cronno
689 3386 764 3453 dicit
792 3387 825 3452 in
856 3389 1056 3473 peroratione
1080 3388 1125 3477 ⁴),
1149 3412 1232 3455 nova

209 3503 287 3594 legis
309 3525 411 3591 poena
433 3526 507 3568 eum
530 3526 595 3569 esse
618 3501 712 3567 domo
733 3510 764 3565 et
786 3511 915 3586 parente
937 3511 969 3566 et
991 3504 1132 3568 omnium
1157 3526 1231 3568 con-

242 3752 262 3819 ¹)
279 3755 334 3807 Cle.
353 3771 377 3819 p.
395 3755 463 3803 Mur.
482 3759 514 3803 23
535 3755 550 3816 ξ
568 3757 610 3802 47.

240 3835 261 3905 ²)
279 3838 317 3889 Ol.
337 3838 408 3890 Orat.
426 3853 450 3902 p.
468 3838 536 3887 Mur.
557 3840 569 3885 t
588 3837 601 3900 t
620 3840 649 3884 15
668 3851 721 3901 sqq.

240 3918 260 3989 ³)
277 3924 333 3974 Nisi
359 3923 422 3973 ferte
448 3935 593 3972 nouenarn
620 3922 697 3971 alium
724 3922 750 3970 in
777 3925 917 3984 equestrem
943 3919 1057 3969 ordinem
1081 3923 1232 3985 excogitavit

206 4023 319 4074 poenum.

239 4092 260 4159 ⁴)
278 4093 332 4145 cic.
350 4110 374 4159 p.
393 4095 461 4144 stur.
480 4100 510 4142 41
532 4093 605 4155 §sn

1051 4184 1071 4244 8
