<?xml version="1.0" encoding="UTF-8"?>
<!DOCTYPE html PUBLIC "-//W3C//DTD XHTML 1.0 Transitional//EN"
    "http://www.w3.org/TR/xhtml1/DTD/xhtml1-transitional.dtd">
<html xmlns="http://www.w3.org/1999/xhtml" xml:lang="en" lang="en">
 <head>
  <title>
</title>
<meta http-equiv="Content-Type" content="text/html;charset=utf-8" />
  <meta name='ocr-system' content='tesseract 3.04.00' />
  <meta name='ocr-capabilities' content='ocr_page ocr_carea ocr_par ocr_line ocrx_word'/>
</head>
<body>
  <div class='ocr_page' id='page_1' title='image "./disputatiodecri00rinkgoog_0130.png"; bbox 0 0 2910 4950; ppageno 0'>
   <div class='ocr_carea' id='block_1_1' title="bbox 699 415 762 480">
    <p class='ocr_par' dir='ltr' id='par_1_1' title="bbox 699 415 762 480">
     <span class='ocr_line' id='line_1_1' title="bbox 699 415 762 480; baseline 0 -1"><span class='ocrx_word' id='word_1_1' title='bbox 699 415 762 480; x_wconf 83' lang='lat'>115</span> 
     </span>
    </p>
   </div>
   <div class='ocr_carea' id='block_1_2' title="bbox 211 619 1236 1159">
    <p class='ocr_par' dir='ltr' id='par_1_2' title="bbox 211 619 1236 1159">
     <span class='ocr_line' id='line_1_2' title="bbox 258 619 1236 714; baseline -0.005 -22"><span class='ocrx_word' id='word_1_2' title='bbox 258 628 416 692; x_wconf 59' lang='lat' dir='ltr'>nonme</span> <span class='ocrx_word' id='word_1_3' title='bbox 437 626 464 714; x_wconf 91' lang='lat'>¹)</span> <span class='ocrx_word' id='word_1_4' title='bbox 490 625 567 691; x_wconf 82' lang='lat' dir='ltr'>haec</span> <span class='ocrx_word' id='word_1_5' title='bbox 589 624 687 688; x_wconf 80' lang='lat' dir='ltr'>verba</span> <span class='ocrx_word' id='word_1_6' title='bbox 707 621 806 688; x_wconf 83' lang='lat' dir='ltr'><strong>refert</strong></span> <span class='ocrx_word' id='word_1_7' title='bbox 826 620 867 688; x_wconf 82' lang='lat' dir='ltr'>ad</span> <span class='ocrx_word' id='word_1_8' title='bbox 888 619 1051 700; x_wconf 73' lang='lat' dir='ltr'>dirisores3</span> <span class='ocrx_word' id='word_1_9' title='bbox 1081 641 1145 707; x_wconf 91' lang='lat' dir='ltr'>quo</span> <span class='ocrx_word' id='word_1_10' title='bbox 1166 621 1236 687; x_wconf 88' lang='lat' dir='ltr'>iure</span> 
     </span>
     <span class='ocr_line' id='line_1_3' title="bbox 213 734 1235 820; baseline -0.005 -18"><span class='ocrx_word' id='word_1_11' title='bbox 213 759 277 803; x_wconf 92' lang='lat' dir='ltr'>non</span> <span class='ocrx_word' id='word_1_12' title='bbox 302 737 402 804; x_wconf 90' lang='lat' dir='ltr'>video.</span> <span class='ocrx_word' id='word_1_13' title='bbox 449 738 528 800; x_wconf 84' lang='lat' dir='ltr'>Nam</span> <span class='ocrx_word' id='word_1_14' title='bbox 552 737 576 800; x_wconf 86' lang='lat' dir='ltr'>si</span> <span class='ocrx_word' id='word_1_15' title='bbox 599 735 631 800; x_wconf 90' lang='lat' dir='ltr'>in</span> <span class='ocrx_word' id='word_1_16' title='bbox 654 735 802 801; x_wconf 83' lang='lat' dir='ltr'>divisores</span> <span class='ocrx_word' id='word_1_17' title='bbox 827 756 929 820; x_wconf 81' lang='lat' dir='ltr'>poena</span> <span class='ocrx_word' id='word_1_18' title='bbox 952 734 1120 798; x_wconf 83' lang='lat' dir='ltr'>constituta</span> <span class='ocrx_word' id='word_1_19' title='bbox 1141 744 1235 812; x_wconf 86' lang='lat' dir='ltr'>esset,</span> 
     </span>
     <span class='ocr_line' id='line_1_4' title="bbox 212 846 1233 935; baseline -0.005 -21"><span class='ocrx_word' id='word_1_20' title='bbox 212 848 370 935; x_wconf 91' lang='lat' dir='ltr'>quomodo</span> <span class='ocrx_word' id='word_1_21' title='bbox 392 848 452 913; x_wconf 88' lang='lat' dir='ltr'>hoc</span> <span class='ocrx_word' id='word_1_22' title='bbox 475 847 535 913; x_wconf 90' lang='lat' dir='ltr'>dici</span> <span class='ocrx_word' id='word_1_23' title='bbox 557 857 659 934; x_wconf 80' lang='lat' dir='ltr'>posset</span> <span class='ocrx_word' id='word_1_24' title='bbox 681 847 861 934; x_wconf 75' lang='lat' dir='ltr'>graviorem</span> <span class='ocrx_word' id='word_1_25' title='bbox 881 868 947 910; x_wconf 87' lang='lat' dir='ltr'>esse</span> <span class='ocrx_word' id='word_1_26' title='bbox 969 847 1002 910; x_wconf 91' lang='lat' dir='ltr'>in</span> <span class='ocrx_word' id='word_1_27' title='bbox 1019 846 1141 931; x_wconf 80' lang='lat' dir='ltr'><em>plebem</em></span> <span class='ocrx_word' id='word_1_28' title='bbox 1160 867 1233 930; x_wconf 90' lang='lat' dir='ltr'>poe-</span> 
     </span>
     <span class='ocr_line' id='line_1_5' title="bbox 211 955 1236 1045; baseline -0.008 -18"><span class='ocrx_word' id='word_1_29' title='bbox 211 983 286 1027; x_wconf 82' lang='lat' dir='ltr'>nam</span> <span class='ocrx_word' id='word_1_30' title='bbox 317 962 533 1040; x_wconf 66' lang='lat' dir='ltr'>constitutam</span> <span class='ocrx_word' id='word_1_31' title='bbox 565 960 735 1045; x_wconf 77' lang='lat' dir='ltr'>scripsisset</span> <span class='ocrx_word' id='word_1_32' title='bbox 764 958 848 1044; x_wconf 90' lang='lat' dir='ltr'>quod</span> <span class='ocrx_word' id='word_1_33' title='bbox 875 959 970 1022; x_wconf 80' lang='lat' dir='ltr'>etiam</span> <span class='ocrx_word' id='word_1_34' title='bbox 992 957 1025 1021; x_wconf 93' lang='lat' dir='ltr'>in</span> <span class='ocrx_word' id='word_1_35' title='bbox 1048 955 1236 1020; x_wconf 83' lang='lat' dir='ltr'>Corneliana</span> 
     </span>
     <span class='ocr_line' id='line_1_6' title="bbox 211 1066 1234 1159; baseline -0.004 -24"><span class='ocrx_word' id='word_1_36' title='bbox 211 1070 233 1138; x_wconf 90' lang='lat' dir='ltr'>l.</span> <span class='ocrx_word' id='word_1_37' title='bbox 248 1071 270 1138; x_wconf 92' lang='lat' dir='ltr'>l.</span> <span class='ocrx_word' id='word_1_38' title='bbox 294 1081 325 1136; x_wconf 84' lang='lat' dir='ltr'>et</span> <span class='ocrx_word' id='word_1_39' title='bbox 347 1073 379 1135; x_wconf 92' lang='lat' dir='ltr'>in</span> <span class='ocrx_word' id='word_1_40' title='bbox 403 1071 572 1136; x_wconf 74' lang='lat' dir='ltr'>Planciano</span> <span class='ocrx_word' id='word_1_41' title='bbox 592 1070 619 1159; x_wconf 80' lang='lat'>²)</span> <span class='ocrx_word' id='word_1_42' title='bbox 645 1070 730 1135; x_wconf 88' lang='lat' dir='ltr'>etin</span> <span class='ocrx_word' id='word_1_43' title='bbox 755 1073 845 1139; x_wconf 87' lang='lat' dir='ltr'>Verr.</span> <span class='ocrx_word' id='word_1_44' title='bbox 869 1069 904 1136; x_wconf 85' lang='lat' dir='ltr'>ll.</span> <span class='ocrx_word' id='word_1_45' title='bbox 925 1068 959 1137; x_wconf 90' lang='lat' dir='ltr'>ll.</span> <span class='ocrx_word' id='word_1_46' title='bbox 984 1068 1103 1156; x_wconf 78' lang='lat' dir='ltr'>legitur</span> <span class='ocrx_word' id='word_1_47' title='bbox 1125 1066 1164 1132; x_wconf 84' lang='lat' dir='ltr'>de</span> <span class='ocrx_word' id='word_1_48' title='bbox 1186 1066 1234 1131; x_wconf 90' lang='lat' dir='ltr'>di·</span> 
     </span>
    </p>
   </div>
   <div class='ocr_carea' id='block_1_3' title="bbox 105 1180 740 1269">
    <p class='ocr_par' dir='ltr' id='par_1_3' title="bbox 105 1180 740 1269">
     <span class='ocr_line' id='line_1_7' title="bbox 105 1180 740 1269; baseline 0.003 -25"><span class='ocrx_word' id='word_1_49' title='bbox 105 1222 113 1232; x_wconf 90' lang='lat'><strong>·</strong></span> <span class='ocrx_word' id='word_1_50' title='bbox 210 1180 379 1261; x_wconf 81' lang='lat' dir='ltr'>risoribus,</span> <span class='ocrx_word' id='word_1_51' title='bbox 403 1205 468 1247; x_wconf 90' lang='lat' dir='ltr'>non</span> <span class='ocrx_word' id='word_1_52' title='bbox 491 1181 530 1247; x_wconf 89' lang='lat' dir='ltr'>de</span> <span class='ocrx_word' id='word_1_53' title='bbox 552 1192 618 1247; x_wconf 81' lang='lat' dir='ltr'>tota</span> <span class='ocrx_word' id='word_1_54' title='bbox 640 1181 740 1269; x_wconf 85' lang='lat' dir='ltr'>plebe.</span> 
     </span>
    </p>
   </div>
   <div class='ocr_carea' id='block_1_4' title="bbox 207 1291 1237 3386">
    <p class='ocr_par' dir='ltr' id='par_1_4' title="bbox 207 1291 1237 2160">
     <span class='ocr_line' id='line_1_8' title="bbox 255 1291 1236 1380; baseline -0.006 -22"><span class='ocrx_word' id='word_1_55' title='bbox 255 1295 345 1375; x_wconf 80' lang='lat' dir='ltr'>Quae</span> <span class='ocrx_word' id='word_1_56' title='bbox 372 1317 472 1380; x_wconf 91' lang='lat' dir='ltr'>quum</span> <span class='ocrx_word' id='word_1_57' title='bbox 499 1295 542 1359; x_wconf 79' lang='lat' dir='ltr'>itu</span> <span class='ocrx_word' id='word_1_58' title='bbox 564 1295 642 1372; x_wconf 80' lang='lat' dir='ltr'>sint,</span> <span class='ocrx_word' id='word_1_59' title='bbox 673 1294 777 1358; x_wconf 75' lang='lat' dir='ltr'>statim</span> <span class='ocrx_word' id='word_1_60' title='bbox 801 1291 987 1370; x_wconf 87' lang='lat' dir='ltr'>concidunt,</span> <span class='ocrx_word' id='word_1_61' title='bbox 1019 1312 1100 1375; x_wconf 84' lang='lat' dir='ltr'>quae</span> <span class='ocrx_word' id='word_1_62' title='bbox 1123 1311 1236 1353; x_wconf 81' lang='lat' dir='ltr'>nouu-</span> 
     </span>
     <span class='ocr_line' id='line_1_9' title="bbox 210 1403 1235 1494; baseline -0.003 -26"><span class='ocrx_word' id='word_1_63' title='bbox 210 1426 266 1468; x_wconf 79' lang='lat' dir='ltr'>srr</span> <span class='ocrx_word' id='word_1_64' title='bbox 288 1406 394 1470; x_wconf 85' lang='lat' dir='ltr'><strong>scribit</strong></span> <span class='ocrx_word' id='word_1_65' title='bbox 410 1405 437 1494; x_wconf 84' lang='lat'>³)</span> <span class='ocrx_word' id='word_1_66' title='bbox 471 1406 576 1471; x_wconf 90' lang='lat' dir='ltr'>solum</span> <span class='ocrx_word' id='word_1_67' title='bbox 598 1405 799 1471; x_wconf 77' lang='lat' dir='ltr'>candidatum</span> <span class='ocrx_word' id='word_1_68' title='bbox 823 1405 922 1469; x_wconf 86' lang='lat' dir='ltr'>teneri</span> <span class='ocrx_word' id='word_1_69' title='bbox 946 1403 1096 1481; x_wconf 84' lang='lat' dir='ltr'>ambitus;</span> <span class='ocrx_word' id='word_1_70' title='bbox 1122 1423 1235 1487; x_wconf 83' lang='lat' dir='ltr'>excep·</span> 
     </span>
     <span class='ocr_line' id='line_1_10' title="bbox 210 1513 1237 1602; baseline -0.002 -23"><span class='ocrx_word' id='word_1_71' title='bbox 210 1516 249 1579; x_wconf 84' lang='lat' dir='ltr'>tis</span> <span class='ocrx_word' id='word_1_72' title='bbox 265 1525 370 1581; x_wconf 81' lang='lat' dir='ltr'>tumen</span> <span class='ocrx_word' id='word_1_73' title='bbox 387 1515 588 1597; x_wconf 88' lang='lat' dir='ltr'>divisoribus;</span> <span class='ocrx_word' id='word_1_74' title='bbox 613 1540 687 1582; x_wconf 84' lang='lat' dir='ltr'>num</span> <span class='ocrx_word' id='word_1_75' title='bbox 702 1516 762 1581; x_wconf 91' lang='lat' dir='ltr'>hoc</span> <span class='ocrx_word' id='word_1_76' title='bbox 774 1516 874 1602; x_wconf 84' lang='lat' dir='ltr'>capite</span> <span class='ocrx_word' id='word_1_77' title='bbox 888 1515 983 1580; x_wconf 84' lang='lat' dir='ltr'>etium</span> <span class='ocrx_word' id='word_1_78' title='bbox 999 1536 1100 1600; x_wconf 85' lang='lat' dir='ltr'>poena</span> <span class='ocrx_word' id='word_1_79' title='bbox 1116 1513 1237 1577; x_wconf 78' lang='lat' dir='ltr'>sancitu</span> 
     </span>
     <span class='ocr_line' id='line_1_11' title="bbox 207 1626 1235 1716; baseline -0.003 -25"><span class='ocrx_word' id='word_1_80' title='bbox 207 1637 279 1691; x_wconf 82' lang='lat' dir='ltr'>erat</span> <span class='ocrx_word' id='word_1_81' title='bbox 299 1628 332 1692; x_wconf 89' lang='lat' dir='ltr'>iu</span> <span class='ocrx_word' id='word_1_82' title='bbox 348 1651 417 1707; x_wconf 86' lang='lat' dir='ltr'>eos,</span> <span class='ocrx_word' id='word_1_83' title='bbox 443 1630 498 1714; x_wconf 91' lang='lat' dir='ltr'>qui</span> <span class='ocrx_word' id='word_1_84' title='bbox 512 1628 666 1716; x_wconf 83' lang='lat' dir='ltr'>suffragia</span> <span class='ocrx_word' id='word_1_85' title='bbox 684 1628 819 1693; x_wconf 85' lang='lat' dir='ltr'>vendere</span> <span class='ocrx_word' id='word_1_86' title='bbox 837 1627 919 1692; x_wconf 84' lang='lat' dir='ltr'>soliti</span> <span class='ocrx_word' id='word_1_87' title='bbox 937 1637 1038 1691; x_wconf 68' lang='lat' dir='ltr'>uranu</span> <span class='ocrx_word' id='word_1_88' title='bbox 1067 1626 1235 1689; x_wconf 75' lang='lat' dir='ltr'>Praeterea</span> 
     </span>
     <span class='ocr_line' id='line_1_12' title="bbox 210 1736 1233 1825; baseline -0.002 -24"><span class='ocrx_word' id='word_1_89' title='bbox 210 1736 322 1803; x_wconf 81' lang='lat' dir='ltr'>selsam</span> <span class='ocrx_word' id='word_1_90' title='bbox 344 1763 409 1804; x_wconf 88' lang='lat' dir='ltr'>esse</span> <span class='ocrx_word' id='word_1_91' title='bbox 431 1740 576 1805; x_wconf 80' lang='lat' dir='ltr'>ultimam</span> <span class='ocrx_word' id='word_1_92' title='bbox 599 1739 681 1804; x_wconf 87' lang='lat' dir='ltr'>hanc</span> <span class='ocrx_word' id='word_1_93' title='bbox 704 1741 883 1825; x_wconf 84' lang='lat' dir='ltr'>opinionem</span> <span class='ocrx_word' id='word_1_94' title='bbox 907 1747 1049 1824; x_wconf 85' lang='lat' dir='ltr'>arguunt</span> <span class='ocrx_word' id='word_1_95' title='bbox 1070 1736 1167 1800; x_wconf 79' lang='lat' dir='ltr'>verbu</span> <span class='ocrx_word' id='word_1_96' title='bbox 1186 1757 1233 1800; x_wconf 86' lang='lat' dir='ltr'>cr-</span> 
     </span>
     <span class='ocr_line' id='line_1_13' title="bbox 209 1847 1233 1936; baseline -0.003 -23"><span class='ocrx_word' id='word_1_97' title='bbox 209 1870 341 1915; x_wconf 81' lang='lat' dir='ltr'>ernorrs</span> <span class='ocrx_word' id='word_1_98' title='bbox 368 1872 450 1936; x_wconf 86' lang='lat' dir='ltr'>quae</span> <span class='ocrx_word' id='word_1_99' title='bbox 473 1875 626 1916; x_wconf 76' lang='lat' dir='ltr'>uenturus</span> <span class='ocrx_word' id='word_1_100' title='bbox 648 1851 773 1916; x_wconf 80' lang='lat' dir='ltr'>laudnt:</span> <span class='ocrx_word' id='word_1_101' title='bbox 801 1850 917 1931; x_wconf 80' lang='lat' dir='ltr'>„haud</span> <span class='ocrx_word' id='word_1_102' title='bbox 943 1851 1008 1915; x_wconf 89' lang='lat' dir='ltr'>scio</span> <span class='ocrx_word' id='word_1_103' title='bbox 1032 1871 1074 1912; x_wconf 80' lang='lat' dir='ltr'>sn</span> <span class='ocrx_word' id='word_1_104' title='bbox 1099 1847 1139 1912; x_wconf 88' lang='lat' dir='ltr'>de</span> <span class='ocrx_word' id='word_1_105' title='bbox 1161 1869 1233 1910; x_wconf 85' lang='lat' dir='ltr'>am-</span> 
     </span>
     <span class='ocr_line' id='line_1_14' title="bbox 210 1960 1235 2047; baseline -0.001 -23"><span class='ocrx_word' id='word_1_106' title='bbox 210 2010 228 2042; x_wconf 86' lang='lat'><em>„</em></span> <span class='ocrx_word' id='word_1_107' title='bbox 236 1960 323 2038; x_wconf 90' lang='lat' dir='ltr'>bitu,</span> <span class='ocrx_word' id='word_1_108' title='bbox 348 1973 379 2025; x_wconf 85' lang='lat' dir='ltr'>et</span> <span class='ocrx_word' id='word_1_109' title='bbox 401 1960 440 2026; x_wconf 81' lang='lat' dir='ltr'>(le</span> <span class='ocrx_word' id='word_1_110' title='bbox 463 1963 647 2027; x_wconf 86' lang='lat' dir='ltr'>criminibus</span> <span class='ocrx_word' id='word_1_111' title='bbox 668 1963 733 2026; x_wconf 87' lang='lat' dir='ltr'>istis</span> <span class='ocrx_word' id='word_1_112' title='bbox 754 1964 904 2027; x_wconf 80' lang='lat' dir='ltr'>rodolium</span> <span class='ocrx_word' id='word_1_113' title='bbox 925 1970 958 2026; x_wconf 85' lang='lat' dir='ltr'>et</span> <span class='ocrx_word' id='word_1_114' title='bbox 978 1961 1176 2047; x_wconf 70' lang='lat' dir='ltr'>sequestrium</span> <span class='ocrx_word' id='word_1_115' title='bbox 1189 1994 1235 2008; x_wconf 86' lang='lat'>—-</span> 
     </span>
     <span class='ocr_line' id='line_1_15' title="bbox 209 2069 871 2160; baseline 0.003 -26"><span class='ocrx_word' id='word_1_116' title='bbox 209 2069 381 2152; x_wconf 83' lang='lat' dir='ltr'>„similiter</span> <span class='ocrx_word' id='word_1_117' title='bbox 403 2070 654 2157; x_wconf 86' lang='lat' dir='ltr'>respondendum</span> <span class='ocrx_word' id='word_1_118' title='bbox 679 2071 823 2157; x_wconf 84' lang='lat' dir='ltr'>putem.’&#39;</span> <span class='ocrx_word' id='word_1_119' title='bbox 844 2071 871 2160; x_wconf 79' lang='lat'>⁴)</span> 
     </span>
    </p>

    <p class='ocr_par' dir='ltr' id='par_1_5' title="bbox 209 2177 1235 2493">
     <span class='ocr_line' id='line_1_16' title="bbox 253 2177 1235 2270; baseline -0.002 -25"><span class='ocrx_word' id='word_1_120' title='bbox 253 2183 312 2248; x_wconf 84' lang='lat'>111.</span> <span class='ocrx_word' id='word_1_121' title='bbox 358 2182 430 2246; x_wconf 85' lang='lat' dir='ltr'>Fuit</span> <span class='ocrx_word' id='word_1_122' title='bbox 456 2182 526 2270; x_wconf 84' lang='lat' dir='ltr'>lege</span> <span class='ocrx_word' id='word_1_123' title='bbox 551 2182 722 2268; x_wconf 83' lang='lat' dir='ltr'>Calpurnia</span> <span class='ocrx_word' id='word_1_124' title='bbox 747 2203 849 2269; x_wconf 78' lang='lat' dir='ltr'>poena</span> <span class='ocrx_word' id='word_1_125' title='bbox 872 2181 1039 2246; x_wconf 74' lang='lat' dir='ltr'>constituto</span> <span class='ocrx_word' id='word_1_126' title='bbox 1061 2181 1093 2244; x_wconf 90' lang='lat' dir='ltr'>in</span> <span class='ocrx_word' id='word_1_127' title='bbox 1117 2177 1235 2244; x_wconf 84' lang='lat' dir='ltr'>diviso-</span> 
     </span>
     <span class='ocr_line' id='line_1_17' title="bbox 210 2291 1235 2381; baseline -0.003 -23"><span class='ocrx_word' id='word_1_128' title='bbox 210 2315 259 2358; x_wconf 87' lang='lat' dir='ltr'>res</span> <span class='ocrx_word' id='word_1_129' title='bbox 284 2291 325 2381; x_wconf 77' lang='lat'>⁶).</span> <span class='ocrx_word' id='word_1_130' title='bbox 379 2295 424 2358; x_wconf 88' lang='lat' dir='ltr'>De</span> <span class='ocrx_word' id='word_1_131' title='bbox 454 2293 562 2359; x_wconf 88' lang='lat' dir='ltr'>iisdem</span> <span class='ocrx_word' id='word_1_132' title='bbox 595 2294 664 2381; x_wconf 89' lang='lat' dir='ltr'>lege</span> <span class='ocrx_word' id='word_1_133' title='bbox 695 2317 811 2359; x_wconf 75' lang='lat' dir='ltr'>runnu</span> <span class='ocrx_word' id='word_1_134' title='bbox 840 2304 970 2359; x_wconf 83' lang='lat' dir='ltr'>cautum</span> <span class='ocrx_word' id='word_1_135' title='bbox 1004 2315 1088 2370; x_wconf 86' lang='lat' dir='ltr'>esse,</span> <span class='ocrx_word' id='word_1_136' title='bbox 1123 2291 1235 2356; x_wconf 83' lang='lat' dir='ltr'>confici</span> 
     </span>
     <span class='ocr_line' id='line_1_18' title="bbox 209 2404 826 2493; baseline 0.005 -25"><span class='ocrx_word' id='word_1_137' title='bbox 209 2414 310 2489; x_wconf 87' lang='lat' dir='ltr'>potest</span> <span class='ocrx_word' id='word_1_138' title='bbox 331 2427 371 2469; x_wconf 86' lang='lat' dir='ltr'>ex</span> <span class='ocrx_word' id='word_1_139' title='bbox 394 2405 535 2469; x_wconf 82' lang='lat' dir='ltr'>oratione</span> <span class='ocrx_word' id='word_1_140' title='bbox 558 2428 616 2491; x_wconf 89' lang='lat' dir='ltr'>pro</span> <span class='ocrx_word' id='word_1_141' title='bbox 641 2429 768 2470; x_wconf 75' lang='lat' dir='ltr'>uuum</span> <span class='ocrx_word' id='word_1_142' title='bbox 786 2404 826 2493; x_wconf 63' lang='grc' dir='ltr'>θ).</span> 
     </span>
    </p>

    <p class='ocr_par' dir='ltr' id='par_1_6' title="bbox 207 2512 1232 3386">
     <span class='ocr_line' id='line_1_19' title="bbox 253 2512 1232 2604; baseline -0.003 -24"><span class='ocrx_word' id='word_1_143' title='bbox 253 2516 310 2583; x_wconf 84' lang='lat' dir='ltr'>lv.</span> <span class='ocrx_word' id='word_1_144' title='bbox 342 2516 425 2603; x_wconf 83' lang='lat' dir='ltr'>Lege</span> <span class='ocrx_word' id='word_1_145' title='bbox 441 2515 545 2581; x_wconf 84' lang='lat' dir='ltr'>Tullia</span> <span class='ocrx_word' id='word_1_146' title='bbox 560 2516 688 2596; x_wconf 88' lang='lat' dir='ltr'>„morbi</span> <span class='ocrx_word' id='word_1_147' title='bbox 702 2518 896 2582; x_wconf 85' lang='lat' dir='ltr'>excusationi</span> <span class='ocrx_word' id='word_1_148' title='bbox 910 2539 1012 2604; x_wconf 87' lang='lat' dir='ltr'>poena</span> <span class='ocrx_word' id='word_1_149' title='bbox 1030 2514 1136 2580; x_wconf 79' lang='lat' dir='ltr'>addita</span> <span class='ocrx_word' id='word_1_150' title='bbox 1153 2512 1232 2580; x_wconf 87' lang='lat' dir='ltr'>est.&#39;’</span> 
     </span>
     <span class='ocr_line' id='line_1_20' title="bbox 209 2626 1232 2714; baseline -0.001 -23"><span class='ocrx_word' id='word_1_151' title='bbox 209 2626 293 2692; x_wconf 78' lang='lat' dir='ltr'>Haec</span> <span class='ocrx_word' id='word_1_152' title='bbox 316 2627 412 2692; x_wconf 85' lang='lat' dir='ltr'>verba</span> <span class='ocrx_word' id='word_1_153' title='bbox 435 2629 460 2693; x_wconf 92' lang='lat' dir='ltr'>si</span> <span class='ocrx_word' id='word_1_154' title='bbox 487 2628 644 2714; x_wconf 82' lang='lat' dir='ltr'>explicare</span> <span class='ocrx_word' id='word_1_155' title='bbox 667 2629 781 2694; x_wconf 85' lang='lat' dir='ltr'>vollem</span> <span class='ocrx_word' id='word_1_156' title='bbox 815 2653 880 2694; x_wconf 90' lang='lat' dir='ltr'>non</span> <span class='ocrx_word' id='word_1_157' title='bbox 903 2626 995 2693; x_wconf 81' lang='lat' dir='ltr'>aliter</span> <span class='ocrx_word' id='word_1_158' title='bbox 1025 2627 1128 2693; x_wconf 83' lang='lat' dir='ltr'>fucere</span> <span class='ocrx_word' id='word_1_159' title='bbox 1162 2649 1232 2711; x_wconf 89' lang='lat' dir='ltr'>pos-</span> 
     </span>
     <span class='ocr_line' id='line_1_21' title="bbox 208 2729 1231 2826; baseline -0.002 -25"><span class='ocrx_word' id='word_1_160' title='bbox 208 2759 288 2816; x_wconf 84' lang='lat' dir='ltr'>sem,</span> <span class='ocrx_word' id='word_1_161' title='bbox 313 2761 408 2824; x_wconf 85' lang='lat' dir='ltr'>quum</span> <span class='ocrx_word' id='word_1_162' title='bbox 437 2738 612 2805; x_wconf 87' lang='lat' dir='ltr'>describere</span> <span class='ocrx_word' id='word_1_163' title='bbox 639 2729 894 2826; x_wconf 39' lang='lat' dir='ltr'>runnurruuff),</span> <span class='ocrx_word' id='word_1_164' title='bbox 927 2740 1018 2804; x_wconf 85' lang='lat' dir='ltr'>cuius</span> <span class='ocrx_word' id='word_1_165' title='bbox 1047 2738 1231 2824; x_wconf 79' lang='lat' dir='ltr'>disputatio-</span> 
     </span>
     <span class='ocr_line' id='line_1_22' title="bbox 208 2849 1231 2940; baseline -0.002 -26"><span class='ocrx_word' id='word_1_166' title='bbox 208 2869 281 2914; x_wconf 85' lang='lat' dir='ltr'>nem</span> <span class='ocrx_word' id='word_1_167' title='bbox 304 2871 405 2914; x_wconf 78' lang='lat' dir='ltr'>osrru</span> <span class='ocrx_word' id='word_1_168' title='bbox 425 2861 522 2917; x_wconf 81' lang='lat' dir='ltr'>totam</span> <span class='ocrx_word' id='word_1_169' title='bbox 542 2853 660 2938; x_wconf 84' lang='lat' dir='ltr'>recepit</span> <span class='ocrx_word' id='word_1_170' title='bbox 679 2851 719 2940; x_wconf 79' lang='lat'>⁰).</span> <span class='ocrx_word' id='word_1_171' title='bbox 766 2854 843 2915; x_wconf 81' lang='lat' dir='ltr'>Eum</span> <span class='ocrx_word' id='word_1_172' title='bbox 862 2849 913 2915; x_wconf 86' lang='lat' dir='ltr'>hie</span> <span class='ocrx_word' id='word_1_173' title='bbox 935 2861 1076 2935; x_wconf 77' lang='lat' dir='ltr'>repetere</span> <span class='ocrx_word' id='word_1_174' title='bbox 1105 2871 1231 2913; x_wconf 83' lang='lat' dir='ltr'>necesse</span> 
     </span>
     <span class='ocr_line' id='line_1_23' title="bbox 208 2958 1231 3051; baseline -0.001 -26"><span class='ocrx_word' id='word_1_175' title='bbox 208 2982 274 3025; x_wconf 86' lang='lat' dir='ltr'>esse</span> <span class='ocrx_word' id='word_1_176' title='bbox 302 2983 366 3026; x_wconf 91' lang='lat' dir='ltr'>non</span> <span class='ocrx_word' id='word_1_177' title='bbox 397 2964 519 3048; x_wconf 88' lang='lat' dir='ltr'>opinor.</span> <span class='ocrx_word' id='word_1_178' title='bbox 570 2964 715 3051; x_wconf 83' lang='lat' dir='ltr'>[Summe</span> <span class='ocrx_word' id='word_1_179' title='bbox 741 2962 804 3027; x_wconf 86' lang='lat' dir='ltr'>hue</span> <span class='ocrx_word' id='word_1_180' title='bbox 826 2960 924 3039; x_wconf 86' lang='lat' dir='ltr'>redit,</span> <span class='ocrx_word' id='word_1_181' title='bbox 955 2983 994 3024; x_wconf 84' lang='lat' dir='ltr'>ea</span> <span class='ocrx_word' id='word_1_182' title='bbox 1023 2959 1093 3046; x_wconf 83' lang='lat' dir='ltr'>lege</span> <span class='ocrx_word' id='word_1_183' title='bbox 1116 2960 1176 3024; x_wconf 89' lang='lat' dir='ltr'>reis</span> <span class='ocrx_word' id='word_1_184' title='bbox 1198 2958 1231 3024; x_wconf 92' lang='lat' dir='ltr'>id</span> 
     </span>
     <span class='ocr_line' id='line_1_24' title="bbox 208 3070 1231 3163; baseline -0.001 -27"><span class='ocrx_word' id='word_1_185' title='bbox 208 3093 272 3136; x_wconf 87' lang='lat' dir='ltr'>esse</span> <span class='ocrx_word' id='word_1_186' title='bbox 302 3072 503 3161; x_wconf 79' lang='lat' dir='ltr'>ademptum,</span> <span class='ocrx_word' id='word_1_187' title='bbox 542 3087 580 3140; x_wconf 83' lang='lat' dir='ltr'>ut</span> <span class='ocrx_word' id='word_1_188' title='bbox 608 3085 733 3163; x_wconf 88' lang='lat' dir='ltr'>possent</span> <span class='ocrx_word' id='word_1_189' title='bbox 761 3073 874 3138; x_wconf 89' lang='lat' dir='ltr'>morbo</span> <span class='ocrx_word' id='word_1_190' title='bbox 901 3071 1050 3136; x_wconf 78' lang='lat' dir='ltr'>simulato</span> <span class='ocrx_word' id='word_1_191' title='bbox 1078 3070 1231 3135; x_wconf 89' lang='lat' dir='ltr'>iudicium</span> 
     </span>
     <span class='ocr_line' id='line_1_25' title="bbox 207 3179 1231 3271; baseline -0.001 -24"><span class='ocrx_word' id='word_1_192' title='bbox 207 3179 401 3264; x_wconf 81' lang='lat' dir='ltr'>detractare,</span> <span class='ocrx_word' id='word_1_193' title='bbox 436 3196 467 3251; x_wconf 89' lang='lat' dir='ltr'>et</span> <span class='ocrx_word' id='word_1_194' title='bbox 501 3187 544 3253; x_wconf 91' lang='lat' dir='ltr'>sic</span> <span class='ocrx_word' id='word_1_195' title='bbox 579 3198 682 3253; x_wconf 82' lang='lat' dir='ltr'>totum</span> <span class='ocrx_word' id='word_1_196' title='bbox 711 3185 863 3251; x_wconf 88' lang='lat' dir='ltr'>iudicium</span> <span class='ocrx_word' id='word_1_197' title='bbox 893 3182 1046 3271; x_wconf 81' lang='lat' dir='ltr'>eludere]</span> <span class='ocrx_word' id='word_1_198' title='bbox 1110 3181 1231 3247; x_wconf 80' lang='lat' dir='ltr'>Cruruo</span> 
     </span>
     <span class='ocr_line' id='line_1_26' title="bbox 208 3292 1231 3386; baseline 0.005 -30"><span class='ocrx_word' id='word_1_199' title='bbox 208 3292 306 3380; x_wconf 83' lang='lat' dir='ltr'>igitur</span> <span class='ocrx_word' id='word_1_200' title='bbox 335 3318 404 3361; x_wconf 86' lang='lat' dir='ltr'>rem</span> <span class='ocrx_word' id='word_1_201' title='bbox 432 3297 477 3362; x_wconf 79' lang='lat' dir='ltr'>ita</span> <span class='ocrx_word' id='word_1_202' title='bbox 503 3300 632 3386; x_wconf 84' lang='lat' dir='ltr'>exponit</span> <span class='ocrx_word' id='word_1_203' title='bbox 658 3321 695 3364; x_wconf 86' lang='lat' dir='ltr'>ao</span> <span class='ocrx_word' id='word_1_204' title='bbox 724 3298 749 3364; x_wconf 92' lang='lat' dir='ltr'>si</span> <span class='ocrx_word' id='word_1_205' title='bbox 779 3320 908 3362; x_wconf 76' lang='lat' dir='ltr'>uorsus</span> <span class='ocrx_word' id='word_1_206' title='bbox 935 3297 1031 3363; x_wconf 84' lang='lat' dir='ltr'>etium</span> <span class='ocrx_word' id='word_1_207' title='bbox 1063 3305 1231 3382; x_wconf 80' lang='lat' dir='ltr'>aegrotans</span> 
     </span>
    </p>
   </div>
   <div class='ocr_carea' id='block_1_5' title="bbox 240 3496 988 4180">
    <p class='ocr_par' dir='ltr' id='par_1_7' title="bbox 240 3496 708 3584">
     <span class='ocr_line' id='line_1_27' title="bbox 240 3496 708 3584; baseline -0.004 -15"><span class='ocrx_word' id='word_1_208' title='bbox 240 3516 261 3584; x_wconf 80' lang='lat'>¹)</span> <span class='ocrx_word' id='word_1_209' title='bbox 282 3520 435 3578; x_wconf 77' lang='lat' dir='ltr'>Mounsuu,</span> <span class='ocrx_word' id='word_1_210' title='bbox 454 3534 494 3583; x_wconf 85' lang='lat' dir='ltr'>op.</span> <span class='ocrx_word' id='word_1_211' title='bbox 512 3519 531 3568; x_wconf 88' lang='lat'>1.</span> <span class='ocrx_word' id='word_1_212' title='bbox 550 3524 591 3567; x_wconf 85' lang='grc'>45.</span> <span class='ocrx_word' id='word_1_213' title='bbox 611 3519 651 3568; x_wconf 74' lang='lat' dir='ltr'>n0.</span> <span class='ocrx_word' id='word_1_214' title='bbox 671 3496 708 3568; x_wconf 71' lang='lat' dir='ltr'>is.</span> 
     </span>
    </p>

    <p class='ocr_par' dir='ltr' id='par_1_8' title="bbox 240 3598 573 3669">
     <span class='ocr_line' id='line_1_28' title="bbox 240 3598 573 3669; baseline -0.012 -13"><span class='ocrx_word' id='word_1_215' title='bbox 240 3598 261 3668; x_wconf 76' lang='lat'>²)</span> <span class='ocrx_word' id='word_1_216' title='bbox 278 3603 334 3656; x_wconf 85' lang='lat' dir='ltr'>Cre.</span> <span class='ocrx_word' id='word_1_217' title='bbox 352 3620 376 3669; x_wconf 86' lang='lat' dir='ltr'>p.</span> <span class='ocrx_word' id='word_1_218' title='bbox 392 3605 433 3654; x_wconf 88' lang='lat' dir='ltr'>Pl.</span> <span class='ocrx_word' id='word_1_219' title='bbox 449 3609 481 3653; x_wconf 81' lang='lat'>23</span> <span class='ocrx_word' id='word_1_220' title='bbox 502 3606 573 3668; x_wconf 66' lang='lat'>535.</span> 
     </span>
    </p>

    <p class='ocr_par' dir='ltr' id='par_1_9' title="bbox 241 3683 671 3754">
     <span class='ocr_line' id='line_1_29' title="bbox 241 3683 671 3754; baseline 0 -15"><span class='ocrx_word' id='word_1_221' title='bbox 241 3683 261 3748; x_wconf 57' lang='grc' dir='ltr'>ὅ)</span> <span class='ocrx_word' id='word_1_222' title='bbox 278 3690 433 3749; x_wconf 74' lang='lat' dir='ltr'>Mouusuu,</span> <span class='ocrx_word' id='word_1_223' title='bbox 451 3704 475 3753; x_wconf 90' lang='lat' dir='ltr'>p.</span> <span class='ocrx_word' id='word_1_224' title='bbox 495 3695 527 3738; x_wconf 84' lang='grc'>43</span> <span class='ocrx_word' id='word_1_225' title='bbox 546 3705 582 3754; x_wconf 88' lang='lat' dir='ltr'>sq.</span> <span class='ocrx_word' id='word_1_226' title='bbox 602 3706 627 3738; x_wconf 91' lang='lat' dir='ltr'>n.</span> <span class='ocrx_word' id='word_1_227' title='bbox 647 3694 671 3740; x_wconf 84' lang='lat'>5.</span> 
     </span>
    </p>

    <p class='ocr_par' dir='ltr' id='par_1_10' title="bbox 240 3769 636 3839">
     <span class='ocr_line' id='line_1_30' title="bbox 240 3769 636 3839; baseline -0.008 -14"><span class='ocrx_word' id='word_1_228' title='bbox 240 3769 261 3836; x_wconf 83' lang='lat'>⁴)</span> <span class='ocrx_word' id='word_1_229' title='bbox 278 3772 334 3825; x_wconf 87' lang='lat' dir='ltr'>Cre.</span> <span class='ocrx_word' id='word_1_230' title='bbox 352 3790 398 3839; x_wconf 88' lang='lat' dir='ltr'>pro</span> <span class='ocrx_word' id='word_1_231' title='bbox 416 3773 503 3824; x_wconf 83' lang='lat' dir='ltr'>Coelio</span> <span class='ocrx_word' id='word_1_232' title='bbox 523 3777 545 3823; x_wconf 84' lang='grc'>7.</span> <span class='ocrx_word' id='word_1_233' title='bbox 563 3773 576 3837; x_wconf 63' lang='lat' dir='ltr'>u</span> <span class='ocrx_word' id='word_1_234' title='bbox 597 3778 636 3823; x_wconf 72' lang='lat'>16,</span> 
     </span>
    </p>

    <p class='ocr_par' dir='ltr' id='par_1_11' title="bbox 241 3852 988 4008">
     <span class='ocr_line' id='line_1_31' title="bbox 241 3852 988 3923; baseline -0.003 -14"><span class='ocrx_word' id='word_1_235' title='bbox 241 3852 262 3921; x_wconf 75' lang='lat'>⁵)</span> <span class='ocrx_word' id='word_1_236' title='bbox 280 3860 348 3909; x_wconf 81' lang='lat' dir='ltr'>Vide</span> <span class='ocrx_word' id='word_1_237' title='bbox 364 3874 441 3923; x_wconf 77' lang='lat' dir='ltr'>snpra</span> <span class='ocrx_word' id='word_1_238' title='bbox 457 3859 490 3908; x_wconf 81' lang='lat' dir='ltr'>ed</span> <span class='ocrx_word' id='word_1_239' title='bbox 507 3859 526 3908; x_wconf 91' lang='lat'>1.</span> <span class='ocrx_word' id='word_1_240' title='bbox 544 3858 707 3923; x_wconf 70' lang='lat' dir='ltr'>Calpurniam</span> <span class='ocrx_word' id='word_1_241' title='bbox 725 3868 749 3910; x_wconf 83' lang='lat' dir='ltr'>et</span> <span class='ocrx_word' id='word_1_242' title='bbox 768 3872 822 3910; x_wconf 71' lang='lat' dir='ltr'>uec.</span> <span class='ocrx_word' id='word_1_243' title='bbox 841 3874 866 3923; x_wconf 86' lang='lat' dir='ltr'>p·</span> <span class='ocrx_word' id='word_1_244' title='bbox 884 3873 927 3909; x_wconf 79' lang='lat' dir='ltr'>on</span> <span class='ocrx_word' id='word_1_245' title='bbox 948 3863 988 3908; x_wconf 81' lang='grc'>75.</span> 
     </span>
     <span class='ocr_line' id='line_1_32' title="bbox 241 3937 611 4008; baseline -0.003 -16"><span class='ocrx_word' id='word_1_246' title='bbox 241 3937 261 4005; x_wconf 69' lang='lat'>⁶!</span> <span class='ocrx_word' id='word_1_247' title='bbox 279 3942 334 3994; x_wconf 78' lang='lat' dir='ltr'>erc.</span> <span class='ocrx_word' id='word_1_248' title='bbox 352 3959 377 4008; x_wconf 87' lang='lat' dir='ltr'>p.</span> <span class='ocrx_word' id='word_1_249' title='bbox 392 3945 460 3993; x_wconf 78' lang='lat' dir='ltr'>Mur.</span> <span class='ocrx_word' id='word_1_250' title='bbox 480 3947 521 3991; x_wconf 76' lang='lat' dir='ltr'>rs.</span> <span class='ocrx_word' id='word_1_251' title='bbox 540 3943 553 4007; x_wconf 64' lang='lat' dir='ltr'>u</span> <span class='ocrx_word' id='word_1_252' title='bbox 571 3949 611 3991; x_wconf 71' lang='lat' dir='ltr'>si.</span> 
     </span>
    </p>

    <p class='ocr_par' dir='ltr' id='par_1_12' title="bbox 241 4022 524 4093">
     <span class='ocr_line' id='line_1_33' title="bbox 241 4022 524 4093; baseline -0.011 -16"><span class='ocrx_word' id='word_1_253' title='bbox 241 4022 261 4090; x_wconf 68' lang='lat'>⁷)</span> <span class='ocrx_word' id='word_1_254' title='bbox 278 4026 362 4077; x_wconf 64' lang='lat' dir='ltr'>Fumo.</span> <span class='ocrx_word' id='word_1_255' title='bbox 381 4029 429 4093; x_wconf 87' lang='lat' dir='ltr'>Ep.</span> <span class='ocrx_word' id='word_1_256' title='bbox 444 4029 467 4076; x_wconf 89' lang='grc' dir='ltr'>Ι.</span> <span class='ocrx_word' id='word_1_257' title='bbox 486 4032 524 4075; x_wconf 85' lang='grc'>13.</span> 
     </span>
    </p>

    <p class='ocr_par' dir='ltr' id='par_1_13' title="bbox 240 4108 521 4180">
     <span class='ocr_line' id='line_1_34' title="bbox 240 4108 521 4180; baseline -0.014 -17"><span class='ocrx_word' id='word_1_258' title='bbox 240 4108 262 4176; x_wconf 78' lang='lat'>⁸)</span> <span class='ocrx_word' id='word_1_259' title='bbox 280 4113 337 4163; x_wconf 85' lang='lat' dir='ltr'>Iud.</span> <span class='ocrx_word' id='word_1_260' title='bbox 351 4115 400 4178; x_wconf 75' lang='lat' dir='ltr'>leg.</span> <span class='ocrx_word' id='word_1_261' title='bbox 419 4129 443 4180; x_wconf 90' lang='lat' dir='ltr'>p.</span> <span class='ocrx_word' id='word_1_262' title='bbox 463 4115 521 4162; x_wconf 78' lang='lat'><strong>287.</strong></span> 
     </span>
    </p>
   </div>
   <div class='ocr_carea' id='block_1_6' title="bbox 0 0 1460 4950">
    <p class='ocr_par' dir='ltr' id='par_1_14' title="bbox 0 0 1460 4950">
     <span class='ocr_line' id='line_1_35' title="bbox 0 0 1460 4950; baseline 0 1"><span class='ocrx_word' id='word_1_263' title='bbox 0 0 1460 4950; x_wconf 95' lang='lat' dir='ltr'> </span> 
     </span>
    </p>
   </div>
  </div>
 </body>
</html>
