2910 4950
672 412 713 475 85

224 619 405 687 Invenimus
434 621 560 707 pessimi
586 618 721 684 ambitus
743 619 933 684 mentionem
956 616 1040 704 apud
1063 635 1198 683 cremo·

180 751 245 795 nnn
263 733 294 797 in
314 735 448 801 Verrem
470 731 496 819 ¹)
518 753 619 816 quum
637 751 752 795 crosno
770 731 835 815 ipse
854 729 979 816 petebat
995 729 1195 794 aedilitatem.

178 840 268 920 Quae
297 841 405 925 petitio
426 849 491 904 tam
516 839 660 905 cohaeret
682 862 757 905 cum
778 838 941 904 nonnullis
964 826 1197 925 quaestionibus

176 947 216 1015 ad
235 949 389 1016 ambitum
408 951 648 1036 pertinentibus,
671 962 708 1016 ut
726 973 795 1016 eam
814 951 923 1038 paullo
941 949 1119 1016 accuratius
1138 947 1197 1024 sina

175 1070 402 1146 pertracturus.
449 1064 487 1126 Et
505 1065 643 1150 primum
661 1064 693 1127 in
713 1085 841 1128 censum
860 1063 959 1140 venit,
983 1085 1048 1147 quo
1066 1057 1194 1145 quidem

176 1192 261 1236 anno
289 1173 413 1257 petierit
441 1194 557 1238 crosno
589 1171 752 1238 aedilitatis
782 1171 935 1236 honorem
958 1192 978 1235 a
999 1171 1034 1235 P.
1053 1171 1117 1235 R.?
1141 1189 1195 1233 eo·

173 1279 245 1347 dem
279 1304 380 1360 anno,
423 1306 487 1370 quo
521 1306 715 1349 nonannarns
748 1281 946 1348 consulatum
979 1281 1066 1366 petiit
1100 1287 1196 1363 atque

173 1391 304 1478 adeptus
325 1403 380 1458 est.
426 1395 530 1481 Igitur
553 1416 581 1460 a.
599 1417 632 1459 u.
653 1417 680 1460 c.
706 1394 781 1459 685.
806 1417 835 1459 a.
856 1394 889 1460 C.
910 1394 963 1458 69.
988 1413 1089 1477 quum
1113 1411 1195 1454 non-

173 1525 299 1568 nanarus
317 1503 512 1569 consuleret
530 1527 647 1570 crunno
666 1515 711 1570 est
727 1504 882 1570 aedilitate
906 1503 1049 1582 functus3
1074 1522 1196 1568 annum

171 1635 271 1701 agens
300 1616 409 1680 aetatis
439 1639 540 1682 xxxvr
563 1618 661 1704 igitur
684 1618 781 1703 petiit.
827 1617 891 1698 Qui
915 1638 1015 1702 quum
1038 1615 1194 1703 glorietur

170 1747 204 1791 ee
233 1749 342 1791 omnes
367 1749 433 1792 esse
455 1727 590 1792 honores
616 1751 674 1794 suo
697 1751 782 1793 anno
804 1727 952 1813 adeptum
976 1727 1025 1814 ²),
1061 1726 1194 1794 dubium

170 1856 235 1900 esse
264 1857 328 1900 non
358 1844 459 1922 potest
488 1859 552 1923 quo
581 1859 666 1903 anno
693 1847 896 1922 quaesturam
926 1839 1056 1925 gesserit
1077 1860 1192 1923 nempe

169 1967 197 2014 a.
221 1948 330 2011 aetatis
355 1970 453 2026 xxxi,
485 1970 586 2033 quum
617 1958 657 2015 tr.
682 1949 725 2034 pl.
749 1972 815 2014 non
838 1949 932 2036 gessit
954 1970 983 2013 a.
1006 1958 1068 2015 aet.
1090 1972 1192 2016 xxxiv

167 2056 209 2121 ob
227 2067 347 2125 metum
367 2057 475 2144 legum
494 2058 727 2137 Corneliarum,
744 2081 825 2145 quae
844 2057 1193 2124 vehementiorescrant

166 2168 200 2233 in
224 2191 293 2246 eos,
318 2167 374 2253 qui
396 2167 560 2233 tribunatu
582 2178 684 2234 essent
706 2169 806 2234 functi
827 2168 867 2255 3)’.
1022 2252 1024 2257 ¹

212 2280 390 2360 Quaestura
412 2302 469 2344 sua
487 2302 603 2345 crunno
623 2289 790 2365 paraverat
807 2279 865 2344 sibi
883 2280 966 2345 viam
989 2279 1029 2345 ad
1052 2280 1191 2366 reliquos

165 2389 301 2456 honores
328 2400 412 2456 certe
441 2391 481 2456 ad
503 2391 706 2472 aedilitatem3
740 2392 879 2457 maximo
908 2400 978 2456 erat
1005 2391 1038 2454 in
1069 2390 1190 2456 honore

165 2500 249 2587 apud
271 2501 409 2583 Siculos3
435 2504 552 2590 optime
574 2514 778 2590 prospexerat
799 2503 979 2590 provinciae
1001 2502 1186 2581 commodis,

163 2610 259 2699 idque
289 2614 471 2699 praesertim
494 2626 604 2703 egerat
625 2617 659 2682 in
678 2639 823 2683 annonae
842 2618 972 2682 caritate
995 2624 1031 2680 ut
1053 2615 1109 2682 sibi
1133 2614 1187 2683 de·

162 2723 296 2790 vinciret
317 2723 500 2809 plebeculae
521 2729 684 2792 Romanae
702 2730 840 2805 animos,
868 2726 953 2813 quod
975 2736 1086 2792 narrat
1107 2749 1186 2790 enu-

160 2857 306 2900 raucam
332 2835 380 2922 ⁴):
412 2837 610 2916 ἀποδειχθεὶς
642 2829 673 2901 δὲ
702 2838 823 2916 ταμίας
848 2839 877 2901 ἐν
902 2837 1037 2919 σιτοδείᾳ
1070 2837 1184 2925 (quum

159 2966 289 3012 annona
311 2943 456 3024 ardebat,
481 2945 532 3011 vel
555 2946 683 3027 urebat,
708 2958 745 3011 ut
765 2949 901 3012 Romani
919 2948 1106 3036 loquuntur)
1128 2949 1181 3014 ael

159 3058 272 3138 λαχὼν
313 3055 463 3124 Σικελίαν
498 3060 661 3138 ἠνώχλησε
698 3066 762 3132 τοῖς
800 3059 964 3144 dvdpdrrotr
1001 3059 1031 3121 ἐν
1074 3059 1179 3141 ἀρχῇ.

191 3253 210 3320 ¹)
228 3255 283 3306 Cre.
301 3256 328 3304 in
346 3256 419 3306 Verr.
438 3256 460 3305 1.
480 3261 504 3306 8.
524 3258 539 3320 ς
558 3263 590 3306 23
605 3273 659 3323 sqq.
671 3306 686 3328 ⁴

189 3335 211 3405 ²)
228 3340 271 3391 Sic
288 3341 365 3389 etiam
382 3355 407 3389 r.
425 3353 510 3391 acmo
526 3355 673 3393 armannus
690 3358 758 3392 anno
775 3357 820 3393 sno
838 3342 962 3394 XXXVI
979 3344 1051 3408 petiit
1068 3345 1180 3396 aedilita-

155 3430 220 3484 tem,
238 3424 333 3474 solutus
347 3424 457 3487 legibus,
474 3428 561 3476 oonsnl
576 3418 729 3477 tnnc'factus
744 3437 788 3478 est.
814 3429 873 3478 Inr.
887 3428 935 3493 Ep.
954 3433 995 3480 50.
1019 3433 1104 3481 Vana.
1120 3445 1178 3484 rar.

152 3509 176 3558 1.
197 3513 236 3558 la.
254 3510 341 3559 Vana.
360 3523 428 3559 unx.
446 3511 496 3561 IV.
515 3516 530 3560 ³
550 3513 565 3574 ξ
587 3518 608 3560 l.
636 3512 715 3563 Sena.
735 3526 796 3562 nnn.
814 3513 845 3563 de
863 3515 896 3562 V.
907 3513 929 3561 Ι.
948 3517 989 3563 ta.

186 3588 207 3657 ⁸)
224 3594 291 3644 Vide
308 3600 393 3643 tamen
417 3594 550 3646 discrimen
573 3597 639 3646 inter
658 3597 969 3660 conmnmr,Qnaestura
983 3610 1126 3649 ercanonrs.
1149 3616 1174 3664 p.

151 3680 193 3725 45.
208 3690 247 3741 sq.
266 3684 292 3726 at
307 3690 453 3729 ranarcruu
475 3681 502 3730 in
525 3681 578 3731 vita
599 3693 735 3731 memnonis
751 3695 797 3746 per
820 3696 900 3731 annos
920 3682 1016 3743 digesta
1032 3683 1065 3732 ad
1081 3697 1104 3731 a.
1124 3683 1178 3733 eius

149 3764 197 3807 aot
216 3764 258 3808 82.
276 3775 300 3824 p.
319 3774 413 3811 oanan.
436 3768 470 3812 80
489 3770 507 3812 t.
525 3765 547 3813 1.
568 3763 659 3815 Onom.
685 3765 753 3814 'rull
787 3766 847 3814 Non
872 3766 960 3815 licebat
978 3766 1044 3814 enirn
1063 3766 1173 3830 exlege

150 3839 269 3893 Cornelia
289 3845 395 3894 tribunis
418 3847 453 3910 pl.
475 3848 556 3898 allum
580 3850 659 3899 aliurn
681 3865 768 3914 capere
791 3851 971 3914 magistratum.
994 3877 1029 3888 -
1053 3851 1117 3901 Aac.
1141 3852 1174 3901 ad

152 3922 227 3976 Orat:
244 3938 269 3992 p.
292 3927 368 3993 Corn.
392 3945 417 3994 p.
437 3933 478 3979 te.
510 3930 588 4000 Onus.
612 3934 645 3984 da
667 3935 700 3983 B.
717 3932 747 3984 C.
765 3934 787 3983 Ι.
807 3938 837 3994 t,
857 3938 879 3986 t.
898 3935 990 4001 aliique
1007 3949 1069 4000 quoa
1086 3935 1172 3985 laudat

149 4022 283 4062 maana
299 4015 331 4062 ιιι]
347 4027 451 4064 pronun
468 4028 586 4067 casarum.
604 4017 734 4069 xxxvl.
754 4023 794 4067 21.

106 4078 112 4091 '
183 4088 300 4157 ⁴)Puur.
319 4098 483 4150 allactet.
