2910 4950
716 410 779 477 103

234 618 421 701 „ommissis
447 619 627 684 candidatas
655 619 813 705 perspexit
834 628 867 684 et
895 618 973 707 legit
993 604 1026 684 et
1047 619 1143 684 emit'’
1177 629 1251 686 cett.

232 731 303 796 Sino
328 731 424 796 dubio
453 731 611 796 indicatur
641 753 808 810 carisius,
839 731 894 796 sed
923 754 988 796 non
1016 753 1094 818 opus
1123 743 1192 798 erat
1215 739 1254 798 ut

229 865 375 908 ssoonrus
396 841 458 908 hoc
479 865 536 909 nos
558 843 693 911 doceret.
741 846 896 909 Csrrsrss
918 845 1058 931 primum
1078 866 1172 929 quem
1191 865 1253 929 po-
1284 845 1288 849 ’

230 957 303 1034 tuit,
336 956 477 1043 rogasit,
508 955 633 1042 impulit
655 967 691 1022 ιιι
720 954 910 1045 gladiatores
932 956 1037 1037 daret,
1061 980 1100 1022 eo
1122 957 1253 1022 consilio

229 1076 264 1131 nt
292 1069 358 1153 ipse
383 1066 535 1132 familiam
557 1079 692 1147 emeret,
728 1092 792 1155 qua
822 1080 967 1135 uteretur
990 1070 1022 1135 in
1046 1071 1179 1135 comitiis
1200 1068 1253 1135 vel

228 1177 251 1243 si
280 1200 360 1264 opus
388 1189 468 1242 esset
488 1178 520 1242 in
543 1177 638 1247 bello.
685 1181 752 1262 „At
774 1181 881 1246 scribit
902 1203 1065 1246 sscorms:
1112 1181 1252 1246 Granios

228 1287 336 1371 „dedit
357 1288 583 1377 gladiatorium
606 1291 666 1356 sub
688 1291 795 1369 titulo,
819 1293 902 1378 patri
923 1315 956 1357 se
974 1291 1006 1356 id
1029 1290 1137 1356 dare.'’
1185 1293 1253 1356 Hoc

228 1402 343 1487 optime
375 1400 524 1466 cohaeret
553 1423 628 1467 cum
664 1403 894 1489 superioribus3
933 1401 1100 1489 „polliceri
1132 1401 1252 1488 populo

227 1511 441 1600 „gladiatores
459 1534 524 1577 non
541 1510 702 1595 debitos;'’
726 1515 780 1580 sed
798 1515 884 1581 dedit
901 1537 1034 1581 nastros
1053 1515 1084 1579 in
1104 1515 1252 1600 petitione

225 1635 392 1710 praeturae
411 1645 439 1689 a.
464 1646 498 1690 u.
522 1646 550 1691 c.
575 1625 640 1690 688
663 1647 692 1692 a.
717 1628 749 1692 G.
774 1627 825 1694 66.
874 1626 1030 1694 Gsrrnrrs
1047 1636 1124 1692 tunc
1143 1637 1249 1692 tamen

223 1757 287 1799 non
310 1748 379 1800 erat
396 1735 569 1802 consularis
587 1737 770 1804 candidatus
789 1763 848 1804 nec
866 1750 990 1826 poterat
1007 1762 1082 1805 eum
1101 1737 1251 1804 inducere

224 1855 261 1910 ut
271 1844 460 1933 gladiatores
471 1846 573 1913 daret:
588 1871 663 1913 nam
676 1859 768 1928 teste,
778 1862 904 1936 praeter
915 1850 1005 1928 alios,
1020 1852 1086 1935 ipso
1098 1871 1248 1928 esconio,

224 1978 376 2024 csrsnrra
405 1968 482 2024 tunc
511 1970 580 2024 erat
608 1960 641 2024 in
670 1959 778 2026 Africa
808 1984 848 2026 ex
877 1983 941 2047 qua
963 1961 1125 2047 provincia
1148 1983 1249 2046 quum

222 2069 364 2134 rediisset
395 2091 469 2136 reus
505 2069 606 2135 factus
643 2080 689 2135 est
723 2070 971 2156 repetundarum
1008 2093 1180 2147 cononaro
1219 2080 1252 2136 et

221 2201 327 2245 conns
357 2204 434 2247 coss.
470 2181 489 2248 i.
514 2204 542 2248 e.
578 2204 615 2246 eo
645 2178 730 2247 anno
760 2205 823 2268 quo
852 2205 984 2246 ossnrus
1012 2192 1139 2268 praetor
1170 2195 1248 2251 erat.

220 2293 387 2357 Praeterea
421 2316 459 2359 eo
492 2293 559 2379 ipso
595 2315 695 2373 anno,
738 2317 802 2380 quo
836 2317 967 2361 niceros
1002 2305 1129 2380 praetor
1161 2305 1245 2375 erat,

220 2403 395 2490 prohibitus
424 2416 470 2470 est
496 2427 645 2471 osrrsrrs
678 2416 785 2492 petere
807 2406 1024 2485 consulatum,
1057 2405 1144 2492 qnod
1172 2429 1247 2472 reus

197 2501 287 2581 'erat
308 2516 556 2603 repetundarum
571 2517 610 2606 ¹).
657 2518 787 2604 Scripsit
803 2528 908 2583 tainen
928 2540 1092 2584 Asconius:
1117 2542 1147 2596 o.
1165 2540 1244 2584 osse

220 2651 296 2693 srusr
319 2638 390 2695 cett.
437 2629 498 2694 Sed
517 2650 597 2715 opus
612 2652 677 2695 non
700 2641 746 2695 est
765 2641 801 2696 ut
819 2630 943 2695 solliciti
961 2633 1059 2696 simus
1080 2630 1120 2695 de
1142 2632 1245 2696 nomi·

105 2733 108 2737 ’
216 2740 265 2804 nis
288 2740 474 2820 mutation03
500 2763 576 2805 narn
599 2752 731 2825 apparet
752 2764 911 2807 scoenicis
929 2743 1050 2808 nescire
1073 2765 1168 2828 quem
1188 2765 1246 2807 vo·

216 2849 313 2916 luerit
341 2871 474 2928 crosno,
504 2849 623 2915 idcirco
644 2851 687 2928 is,
719 2853 775 2937 qui
797 2874 920 2937 semper
947 2866 1093 2919 accurate
1117 2855 1241 2921 scribit:

215 2960 448 3048 ,Manifestum
480 2970 527 3026 est
565 2982 594 3027 c.
622 2981 754 3027 resrssr
788 2962 971 3050 significar13
1015 2986 1045 3030 c.
1076 2988 1242 3033 annornm

216 3074 413 3162 „siqnifioon
431 3073 534 3161 legem
550 3072 754 3160 Calpurniam
772 3075 943 3162 siqnistcatr
968 3073 1009 3139 de
1023 3098 1164 3143 snrorro
1178 3076 1241 3144 dici
1296 3100 1302 3113 ·

215 3164 441 3273 „manifestum
462 3195 509 3250 est
528 3185 576 3275 ι),
608 3184 790 3251 dubitanter
812 3196 920 3252 nostro
947 3186 1019 3252 loco
1040 3185 1134 3254 dixit:
1167 3189 1238 3271 „oi-

214 3300 330 3380 „detor
352 3298 529 3387 sipns'sioore
551 3321 581 3376 o.
606 3296 782 3364 αιιιιυιι.”

257 3411 297 3474 Et
317 3411 361 3475 sic
384 3432 433 3474 res
456 3411 627 3498 composita
647 3435 712 3476 esse
735 3410 811 3477 mihi
834 3409 958 3477 videtur
976 3412 1016 3500 ³).
1063 3412 1146 3502 Lego
1164 3412 1235 3482 Cal·

244 3760 264 3827 1)
282 3762 362 3813 Stes.
379 3759 447 3811 Bell.
464 3759 520 3811 Ost.
540 3765 580 3810 18.
598 3773 654 3810 rso.
672 3775 697 3824 p.
713 3775 757 3811 on.
776 3765 817 3811 89.
836 3765 878 3810 90.
896 3771 951 3810 ssc.
969 3773 993 3824 p
1010 3773 1053 3820 os.
1069 3763 1111 3809 89.
1130 3765 1171 3810 90.

245 3842 266 3910 ¹)
282 3848 351 3898 Vide
368 3847 407 3895 his
425 3847 484 3909 ipsis
500 3859 575 3909 pagg.
592 3846 660 3910 apud
677 3859 719 3896 os.
739 3849 780 3895 89.
800 3849 842 3895 90.

244 3926 265 3989 ³)
282 3929 357 3990 Quod
370 3932 392 3980 si
409 3945 496 3983 rernm
513 3941 564 3989 est,
586 3944 630 3993 por
647 3944 674 3980 se
691 3930 800 3980 concidit
817 3941 943 3980 usscovrr
959 3929 1057 3992 opinio,
1077 3927 1152 3979 luisse
1166 3943 1230 3981 eas·

208 4028 274 4065 nrcrs
292 4023 434 4067 aocnsatmn
450 4015 518 4081 qnod
534 4014 606 4064 ludos
623 4015 730 4066 dedisset
751 4012 786 4080 (p.
805 4013 858 4080 32).
892 4013 950 4066 Hoc
967 4013 1036 4065 onim
1053 4020 1106 4064 crat
1123 4016 1229 4067 vetitum

206 4099 263 4164 logo
279 4099 373 4151 Tullio.
