2910 4950
774 378 816 441 42

329 555 426 653 Cuius
454 584 500 651 rei
526 582 750 650 demonstratio
782 605 846 648 non
877 581 970 649 debet
995 606 1052 650 nos
1078 582 1134 648 diu
1157 583 1307 653 detinere.

284 696 366 761 Nam
395 694 500 763 Schol.
524 695 600 768 Bob.
631 695 778 761 inventus
806 694 846 760 ab
875 707 1002 761 anenno
1026 717 1107 760 maro
1135 719 1175 761 ex
1196 694 1309 783 palim-

283 817 386 893 psesto
408 808 433 897 Ι)
467 807 694 894 multiplicibus
716 806 863 872 laudibus
885 807 925 872 ab
948 805 1067 872 editore
1089 808 1191 894 primo
1215 831 1309 874 orna-

193 975 197 980 ,
282 927 350 999 tur,
375 920 488 1005 quibus
507 921 580 985 satis
602 918 752 1007 indignus
774 919 907 986 videtur.
958 919 1078 984 Rhetor
1097 929 1161 999 est,
1186 929 1223 985 ut
1245 920 1308 984 iam

283 1052 436 1096 oneratus
460 1035 488 1120 2)
525 1031 619 1110 (lixit,
655 1030 868 1098 semibarbaro
902 1053 978 1097 usus
1011 1054 1173 1111 sermone,
1210 1031 1310 1097 seculi

283 1141 389 1227 quarti
404 1141 455 1207 vel
475 1143 588 1228 quinti;
608 1144 673 1229 ipse
689 1143 828 1208 Graecae
847 1142 978 1231 linguae
993 1165 1082 1222 usus,
1103 1164 1199 1229 quem
1218 1164 1311 1229 pras·

282 1250 366 1318 dicat
387 1276 484 1319 ussus
500 1264 610 1319 contra
629 1277 703 1318 eum
723 1253 813 1332 facit,
838 1254 954 1340 quippe
974 1275 1038 1340 quo
1053 1252 1193 1319 crebrius
1211 1261 1309 1318 utun·

281 1369 336 1427 tur
354 1362 474 1449 peiores
493 1372 525 1427 et
542 1363 727 1449 posteriores
745 1363 943 1443 scholiastae;
969 1363 1055 1450 quod
1075 1364 1193 1429 frustra
1213 1386 1310 1450 quae·

281 1495 332 1540 res
349 1473 434 1560 apud
454 1496 613 1540 asconrurr
629 1476 783 1561 optimum
799 1496 965 1540 clamoris
982 1477 1203 1562 interpretem,
1229 1497 1311 1542 non·

281 1607 448 1671 uunquam
467 1586 605 1652 invenies
629 1586 715 1672 apud
737 1610 780 1654 rs.
804 1607 965 1652 ascomun
989 1609 1063 1653 cum
1087 1609 1221 1655 asnorro
1244 1610 1310 1655 non

281 1698 531 1785 comparandum
552 1698 599 1788 ³),
635 1700 758 1785 saepius
788 1697 873 1784 apud
898 1698 1096 1764 Scholiasten
1128 1699 1309 1765 Gronovia-

280 1832 376 1889 num,
402 1812 456 1897 qni
478 1811 598 1878 nullius
620 1810 686 1878 fere
710 1820 756 1875 est
781 1810 994 1898 momentis).
1041 1810 1189 1877 Arsanus
1213 1834 1309 1878 marus

281 1931 444 1988 auctorem
467 1944 560 1987 suum
581 1920 740 1987 laudando
759 1921 869 1986 incidit
891 1922 922 1986 in
946 1923 1057 1986 sitium
1077 1922 1223 1988 omnibus
1242 1922 1311 2010 pbi-

281 2032 395 2122 lologis
422 2057 608 2113 commune,
644 2033 699 2119 qui
729 2055 848 2098 novum
884 2033 1024 2099 codicem
1051 2036 1230 2101 invenerint
1260 2035 1310 2102 vel

281 2147 376 2231 primi
398 2144 561 2212 ediderint.
608 2146 689 2210 Nam
711 2156 749 2211 ut
770 2145 830 2211 hoc
853 2145 998 2232 exemplo
1022 2158 1111 2227 utar,
1143 2170 1208 2212 nou
1231 2146 1312 2212 late·

280 2256 337 2324 bat
366 2282 489 2338 uarum,
520 2256 605 2344 quod
635 2267 667 2322 et
696 2259 761 2344 ipse
791 2267 922 2322 annotat
947 2257 973 2345 ὅ)
1004 2281 1069 2324 non
1093 2280 1259 2324 anrorrun
1282 2270 1315 2325 et

281 2390 464 2436 cremonen
488 2367 631 2434 consules
654 2369 792 2434 sanxisse
813 2368 917 2457 legem
940 2367 980 2435 de
1002 2369 1124 2436 ambitu
1145 2369 1199 2435 sed
1222 2370 1310 2449 δόξαι

280 2490 320 2563 τῇ
348 2480 450 2563 βουλῇ
478 2484 532 2544 τοῦ
558 2479 723 2560 Κικέρωνος
746 2482 777 2553 ἐς
798 2481 841 2545 τὰ
865 2479 1013 2559 μάλιστα
1035 2480 1201 2560 ἐνάγοντος
1220 2481 1261 2570 ⁸).

260 2635 266 2643 -
332 2592 506 2678 Aliquanto
543 2602 613 2677 post
653 2591 756 2680 legem
786 2593 984 2671 Corneliam,
1012 2602 1048 2660 ut
1078 2593 1186 2658 scribit
1219 2593 1310 2660 scho-
1388 2632 1407 2653 .

280 2704 402 2783 liastes,
440 2703 492 2769 lex
521 2703 693 2789 Calpurnia
724 2704 788 2771 lata
822 2715 869 2770 est
900 2727 1016 2791 nempe
1045 2727 1073 2771 a.
1107 2728 1140 2772 u.
1171 2727 1198 2772 c.
1232 2706 1308 2773 687.

280 2839 311 2884 a.
335 2817 368 2883 G.
395 2816 436 2882 67
454 2815 559 2904 ¹igitur
588 2816 672 2882 CXX
702 2816 768 2883 fere
795 2817 885 2884 annis
909 2826 980 2903 post
1002 2815 1106 2906 legem
1130 2816 1310 2883 Corneliam

280 2927 441 2995 Baebiam.
495 2930 589 2993 Estne
618 2928 679 2995 boc
709 2932 866 3018 aliquanto
889 2941 979 3016 post,
1010 2928 1062 2994 vel
1093 2940 1180 2995 estne
1202 2929 1312 2995 verisi-

281 3040 358 3109 mile
380 3049 583 3126 portantum
611 3062 769 3107 annorum
799 3040 1002 3107 intervallum
1035 3040 1189 3105 ambitum
1217 3041 1313 3127 quie-

282 3154 379 3231 visse,
415 3175 514 3238 quum
549 3152 743 3240 temporibus
776 3175 948 3219 canrunnrr
981 3161 1013 3218 et
1048 3173 1215 3218 crusaorrs
1245 3152 1312 3220 fere
1373 3138 1377 3143 ’

283 3264 451 3352 quotannis
476 3262 515 3330 de
537 3287 575 3329 ea
596 3246 632 3330 re
655 3264 816 3332 ferretur?

170 3480 173 3487 ’
316 3491 337 3561 ¹)
355 3496 421 3546 Vide
429 3493 786 3560 assamumpracfationsm
794 3506 870 3558 quam
879 3492 979 3556 repetiit
986 3491 1309 3556 oamu.V.pars2.p.217.

315 3575 337 3646 2)
354 3579 372 3628 l.
391 3579 408 3628 l.
426 3596 450 3644 p.
470 3583 529 3629 220.
547 3577 585 3629 n0.
604 3584 628 3629 2.

317 3660 337 3725 ³)
354 3664 421 3714 Vide
439 3678 461 3714 a.
480 3679 505 3727 g.
524 3677 618 3713 onnnn.
636 3662 655 3712 1.
673 3661 691 3711 l.
710 3677 734 3726 p.
753 3665 819 3721 390,
838 3664 904 3720 ³91,
923 3665 972 3710 403
992 3667 1017 3710 ct
1034 3659 1139 3722 respuis.

315 3747 336 3815 ⁴)
354 3748 393 3800 ct.
416 3750 449 3799 da
472 3750 514 3798 his
534 3749 636 3813 egregie
657 3759 782 3798 mannen
805 3745 876 3812 Disp.
901 3747 955 3796 crit
978 3746 1010 3795 de
1033 3760 1057 3803 o.
1083 3757 1174 3795 aecor.
1198 3756 1260 3794 ran.
1286 3752 1311 3795 et

279 3835 387 3886 aliorum
404 3843 518 3884 veterum
536 3835 701 3898 interpretum
718 3833 745 3881 in
763 3844 812 3881 crc.
829 3832 954 3883 orationes
970 3830 1164 3890 commentariis.
1190 3829 1309 3880 Hauniaa

259 3914 264 3925 ‘
284 3923 359 3970 1028.
376 3919 409 3969 ct'.
426 3932 522 3968 onnnn.
540 3917 558 3967 l.
576 3918 594 3967 l.
613 3919 647 3968 V.
666 3932 689 3982 p.
708 3922 733 3966 2.
751 3918 798 3967 snb
816 3917 897 3982 ipsum
911 3916 1019 3967 initium.

315 4000 336 4072 ὓ)
354 4001 399 4056 Νῦ.
417 4009 442 4053 4.
459 4018 484 4067 p.
503 4005 562 4052 asa.
581 3988 622 4053 121.

315 4088 337 4156 6)
354 4089 387 4142 Ι).
405 4087 434 4142 C.
454 4085 600 4140 XXXVII.
616 4092 658 4138 29.
680 4085 753 4151 Quod
770 4100 864 4139 menno
880 4089 933 4155 ipsa
947 4101 1047 4156 quoque
1061 4085 1159 4151 saepius
1173 4084 1291 4137 declarat.
