2910 4950
686 395 751 458 114

207 617 316 696 spectu
342 607 511 693 privatum.
558 605 597 668 Et
628 602 704 688 quid
731 623 847 669 cronno
874 601 970 668 homo
995 624 1098 669 novus
1119 603 1240 671 diceret

208 719 354 806 patricios
383 730 520 781 nostrum
541 714 704 781 ordinem?
728 713 768 803 ¹).
814 715 919 780 Liceat
948 715 1025 778 mihi
1047 717 1080 779 in
1103 714 1165 781 hac
1187 716 1240 781 vi-

208 854 320 896 rorum
353 829 518 894 doctorum
557 828 745 893 dissensione
778 850 881 892 meam
916 828 1171 915 qualemcunque
1205 830 1239 895 in

210 941 351 1006 medium
381 939 525 1025 proferre
556 938 752 1025 opinionem,
787 961 883 1024 quam
914 961 973 1024 pro
1003 961 1120 1027 magna
1149 950 1240 1026 parte

211 1074 284 1117 cum
318 1071 428 1113 aarum
449 1046 477 1135 ²)
511 1071 562 1112 me
591 1070 793 1113 communem
823 1047 939 1113 habere
968 1048 1067 1115 uideo.
1120 1052 1238 1117 Locum

210 1183 377 1226 cicerones
401 1161 445 1225 sic
467 1159 741 1246 interpretandum
764 1184 830 1226 esse
850 1161 963 1247 opinor
987 1173 1024 1225 ut
1046 1164 1242 1248 oppositione

211 1296 297 1338 voce.
328 1273 429 1358 plebis
462 1281 494 1337 et
522 1273 619 1336 aoetri
648 1273 764 1336 ordinis
792 1272 1012 1360 intelligantur
1041 1276 1177 1360 corrupti
1209 1284 1243 1340 et

212 1397 456 1471 corrumpentem
481 1393 605 1469 poterat
627 1405 743 1448 niceno
766 1382 874 1470 aliquo
895 1384 964 1449 iure
983 1383 1086 1450 dicere
1105 1398 1244 1451 nortmm

213 1499 369 1574 ordinem,
394 1518 458 1582 quo
480 1518 550 1562 roc.
574 1497 639 1560 sinc
662 1495 758 1561 dubio
776 1495 834 1561 soli
857 1496 1037 1561 indicantur
1059 1499 1241 1575 Senatores,

213 1613 363 1696 quoniam
392 1610 424 1672 in
454 1609 604 1693 petitione
634 1618 822 1692 quaesturae
851 1608 954 1672 solum
982 1631 1086 1673 sermo
1112 1620 1181 1674 erat
1203 1607 1243 1674 de

214 1722 346 1808 petitore
368 1743 432 1784 non
456 1721 623 1797 Senatore,
652 1740 756 1804 neque
778 1718 994 1784 huiuscemodi
1016 1719 1122 1784 iudicii
1144 1742 1242 1807 quae·

213 1833 289 1899 toris
319 1832 456 1896 ambitus
489 1830 628 1895 accusati
652 1829 756 1895 ullum
787 1831 946 1896 invenitur
966 1833 1146 1920 vestigium.
1189 1831 1242 1898 ld-

214 1945 299 2010 circo
330 1943 448 2010 addidit
474 1942 568 2008 etiam
599 1953 668 2027 post
696 1964 783 2010 vocc.
815 1944 849 2007 in
872 1956 1007 2008 nostrum
1036 1945 1174 2009 ordinem
1194 1943 1241 2031 ³):

217 2057 396 2138 „concessit
425 2058 560 2121 Senatus
585 2054 788 2140 postulationi
817 2066 891 2120 tuae
917 2055 970 2120 sed
996 2078 1060 2121 non
1087 2054 1243 2121 libenter’'

218 2169 239 2234 i.
253 2192 280 2234 c.
316 2168 405 2232 inviti
434 2169 601 2232 Senatores
629 2167 662 2232 in
689 2190 722 2232 sc
751 2169 834 2253 ipsos
862 2176 982 2232 tantam
1013 2168 1246 2233 constituebant

217 2301 363 2364 poenam.

264 2392 373 2475 Neque
403 2398 473 2474 post
502 2397 626 2473 tempus
656 2387 741 2452 exilii
767 2386 925 2453 habebant
953 2389 1003 2454 ius
1032 2390 1065 2454 in
1092 2391 1245 2456 Senatum

221 2502 367 2566 veniendi
396 2511 432 2564 ut
461 2512 592 2586 apparet
621 2509 758 2565 exorat.
783 2521 841 2586 pro
861 2524 1000 2566 nurum.
1015 2500 1060 2589 ⁴),
1084 2501 1139 2566 ubi
1157 2524 1245 2568 voce.

222 2615 341 2695 „etiam
360 2614 391 2676 in
408 2613 552 2676 fortunae
569 2613 682 2678 veteris
704 2611 870 2677 discrimen
890 2611 1078 2677 adducitur’'
1098 2624 1247 2680 accurate

222 2724 414 2790 conveniunt
432 2748 505 2789 cum
525 2724 585 2789 hoc
604 2732 771 2810 praecepto
793 2722 878 2810 apud
904 2747 1037 2806 nrounn,
1062 2727 1144 2804 μήτε
1170 2727 1246 2805 βου-

221 2837 322 2902 λεύειν
351 2838 402 2924 [ex
426 2836 496 2924 lege
519 2836 716 2922 Calpurnia].

265 2951 342 3013 Erat
371 2949 442 3036 lego
477 2948 581 3013 Tullia
617 2948 747 3035 gravior
780 2969 882 3033 poena
912 2950 943 3013 in
975 2948 1099 3035 plebem
1129 2950 1249 3015 consti-

222 3069 291 3124 tuta
316 3059 360 3148 ⁵),
389 3060 422 3125 in
446 3083 516 3138 cos,
549 3060 604 3144 qui
631 3058 784 3146 suffragia
809 3058 996 3126 vendebant.
1042 3059 1184 3146 Apparet
1210 3083 1250 3126 ex

226 3171 439 3257 comparativo
457 3170 519 3234 iam
543 3169 613 3256 lege
636 3170 808 3256 Calpurnia
830 3171 870 3237 de
888 3194 925 3237 ea
940 3195 976 3237 re
994 3171 1088 3238 fuisse
1106 3183 1248 3241 cautum.

228 3412 466 3423 .-..—.---.-

260 3569 279 3634 1)
298 3571 395 3620 Eodem
418 3571 493 3623 modo
516 3583 609 3621 crcneo
633 3573 737 3637 opponit
759 3588 802 3621 nos
824 3570 964 3638 (senatores)
981 3577 1007 3623 ct
1023 3571 1120 3637 equites.
1139 3589 1163 3639 p.
1182 3574 1249 3624 Mur.

224 3664 265 3707 ar.
286 3658 300 3719 ς
321 3659 360 3704 ro.

259 3737 279 3803 ²)
298 3741 378 3798 Rern,
396 3754 435 3801 op.
454 3739 471 3787 l.
487 3754 511 3802 p.
530 3736 633 3790 713110.
654 3746 678 3789 2.

261 3822 282 3888 ⁵)
299 3824 389 3888 Neque
407 3824 528 3874 Patricius
545 3826 620 3883 ordo,
638 3825 726 3885 crede,
745 3823 792 3876 fuit
803 3825 899 3877 Romae
916 3840 1052 3893 exornem
1067 3836 1178 3892 temporo
1193 3826 1252 3891 [nec

225 3909 358 3975 unquam]

261 3993 281 4060 ⁴)
299 3994 354 4043 Cic.
375 3993 418 4044 Or.
437 4009 461 4058 p.
480 3994 548 4042 Mur.
568 3995 600 4042 27
617 3994 632 4056 §
651 3998 691 4042 55.

261 4077 353 4143 ⁵)t'1c.
373 4093 396 4141 p.
416 4078 483 4126 Mur.
504 4083 536 4126 23
556 4079 570 4139 ξ
590 4080 630 4125 47.
