2910 4950
632 423 695 489 191

152 649 199 703 tos
221 637 292 727 lego
314 634 480 722 Pompeia,
512 631 606 698 fuisse
628 632 660 697 in
684 632 844 720 integrum
867 632 1035 700 restitutos.
1081 633 1178 717 Quod

154 751 272 815 factum
295 758 342 814 est
360 770 388 813 a.
402 769 434 814 u.
448 768 475 812 c.
498 744 572 811 705.
594 767 622 812 a.
635 747 667 812 C.
682 745 735 810 49.
756 742 865 831 paullo
884 754 954 830 post
969 746 1067 832 igitur
1082 768 1179 831 quam

154 872 256 928 essent
278 859 427 925 damnati.
479 856 560 922 Addi
583 856 633 922 hic
659 867 759 944 potest
777 856 866 922 locus
888 879 1033 923 suaronu
1055 858 1102 946 ¹),
1126 859 1182 943 qni

154 974 237 1039 idern
258 972 396 1037 continet
416 991 453 1035 ac
469 980 532 1034 tres
554 968 682 1056 reliqui,
702 969 819 1055 quique
837 969 936 1058 igitur
958 992 1016 1056 pro
1035 968 1090 1034 illa
1106 991 1181 1034 sen·

155 1085 253 1151 tentia
276 1082 354 1149 nihil
378 1083 462 1148 facit.
510 1083 614 1164 Quam
637 1083 847 1147 necessarium
871 1091 975 1148 tamen
999 1081 1094 1146 fuerit
1115 1103 1182 1148 am-

155 1196 256 1260 bitum
279 1194 434 1260 severiore
457 1204 604 1259 coercere
628 1194 698 1281 lege
720 1192 798 1259 haec
816 1193 913 1259 verba
935 1216 1116 1261 anurnncm
1132 1195 1181 1260 in·

89 1313 92 1317 ’
156 1307 278 1373 dicant:
301 1306 328 1396 ²)
355 1309 380 1372 oi
408 1309 466 1386 μὲν
492 1306 552 1379 τας
575 1306 681 1387 οὶρχοὶς
706 1305 866 1384 μετιόντες
894 1308 924 1371 ἐν
953 1306 1039 1387 μέσῳ
1065 1307 1182 1384 θέμενοι

155 1415 314 1502 τρατὲζας
348 1418 489 1502 ἐδέκαζον
523 1417 743 1497 ἀναισχύντως
777 1417 819 1483 τοὶ
850 1420 974 1494 πλήθη,
1013 1421 1124 1500 κατῄει
1156 1421 1183 1485 δ’

156 1531 280 1609 ὂδῆμος
297 1528 445 1608 ἔμμισθος
468 1532 502 1594 οὐ
523 1531 642 1610 ψήφοις
664 1531 738 1611 ὑπὲρ
760 1535 814 1595 τοῦ
836 1529 999 1602 δεδωκότος
1017 1531 1107 1596 ἄλλα
1132 1531 1184 1596 τό·

157 1641 218 1719 ἔοις
243 1642 297 1708 καὶ
323 1642 430 1723 ξίφεσι
452 1641 503 1707 καὶ
526 1641 709 1723 σφενδόναις
733 1643 964 1721 ἁμιλλώμενος.

199 1752 249 1819 Ad
272 1756 314 1821 11.
361 1755 475 1819 Forma
494 1753 683 1820 iudiciorum
707 1754 833 1821 brevior
855 1757 983 1836 exstitit3
1008 1778 1082 1822 nam
1102 1757 1185 1824 utin

156 1865 258 1928 causis
280 1862 319 1929 de
340 1866 389 1941 vi,
423 1865 467 1929 sic
489 1865 583 1930 etlam
607 1865 639 1928 in
663 1867 765 1929 causis
783 1865 822 1929 de
845 1866 965 1930 ambitu
989 1866 1040 1930 lex
1058 1867 1187 1933 iubebat

156 1974 245 2060 prius
266 1984 358 2038 testes
381 1974 457 2039 dare
484 1975 553 2063 (per
575 1974 731 2064 triduum)
749 1976 776 2064 ³)
803 1975 915 2041 deinde
937 2000 1004 2042 uno
1025 1976 1186 2065 dicatque

156 2084 265 2151 eodem
289 2094 321 2150 et
342 2084 382 2149 ab
406 2096 588 2152 accusatore
609 2098 641 2152 et
663 2109 682 2151 a
704 2108 760 2152 reo
784 2089 943 2173 perorari,
975 2089 1017 2153 ita
1044 2098 1081 2154 ut
1104 2088 1186 2156 duas

156 2196 252 2263 horae
271 2198 463 2274 accusatori,
480 2207 543 2265 tres
560 2220 616 2264 reo
636 2198 797 2264 darentur.
825 2198 927 2264 Antea
947 2201 1040 2266 etiam
1060 2212 1185 2289 ternpus

156 2308 334 2398 legitimum
357 2310 390 2374 in
413 2309 536 2375 iudiciis
559 2310 634 2391 fuit3
659 2332 735 2375 nam
758 2311 929 2380 scribitis.
953 2334 1101 2380 asconius
1123 2313 1145 2381 l.
1160 2314 1182 2382 l.

156 2421 195 2486 ad
218 2422 315 2487 verba
338 2444 520 2489 cressonis:
550 2425 620 2505 „Ut
638 2423 663 2487 si
686 2422 764 2488 meis
782 2422 867 2489 horis
885 2425 917 2489 in
938 2424 1114 2492 accusando
1136 2427 1185 2492 uti

155 2532 386 2614 „voluissem”;
417 2544 488 2600 cett.
521 2559 590 2617 „xx
619 2534 727 2600 diebus
755 2535 822 2602 soil.
853 2536 892 2600 Hi
918 2538 1002 2602 enim
1026 2537 1184 2607 dabantur

154 2644 220 2727 „ad
238 2644 451 2711 accusandum
470 2646 616 2735 legitimi,
639 2646 833 2734 totidemque
848 2647 1025 2715 defensori’'
1042 2661 1074 2716 et
1088 2674 1182 2720 mox:

155 2754 236 2836 „alii
267 2755 374 2821 ferunt
401 2757 460 2821 hos
488 2780 532 2821 xx
560 2757 638 2837 diea;
673 2757 727 2822 alii
753 2758 932 2843 pauciores,
965 2759 1018 2823 alii
1040 2760 1181 2845 plures.”

153 2867 201 2932 Ex
229 2865 319 2932 brevi
346 2876 488 2953 tempore
512 2889 659 2932 concesso
683 2889 755 2946 reo,
786 2877 824 2932 ut
848 2891 881 2933 se
903 2867 1101 2948 defenderet,
1125 2893 1184 2958 per

154 3001 187 3044 se
210 2980 351 3065 sequitur
373 2992 544 3043 numerum
568 2987 776 3064 patronorum
800 2979 976 3066 posthanc
998 2979 1102 3068 legem
1121 2983 1182 3049 mi·

154 3113 264 3157 norem
292 3091 386 3156 fuisse
413 3113 512 3176 quam
543 3101 636 3156 antea
663 3113 768 3177 neque
795 3114 874 3179 opus
896 3102 942 3158 est
963 3103 1001 3157 ut
1021 3116 1095 3160 cum
1117 3116 1183 3161 vnn

153 3225 257 3267 aunon
276 3201 304 3290 ⁴)
337 3211 485 3289 putemus
514 3201 585 3289 lege
616 3202 765 3289 Pompeia
788 3201 882 3267 fuisse
905 3212 1035 3268 cautum
1057 3214 1094 3269 ut
1116 3228 1182 3271 nu·

90 3300 93 3305 ’
154 3335 260 3380 merus
281 3323 490 3401 patronorum
513 3311 713 3391 definiretur,
744 3336 819 3379 nam
843 3336 900 3400 per
923 3336 956 3379 ee
979 3325 1126 3401 apparet,
1155 3317 1182 3384 si

154 3446 209 3489 reo
231 3435 295 3491 tres
316 3425 416 3491 horae
439 3424 530 3491 datae
553 3434 644 3505 sunt,
674 3448 748 3491 eum
770 3448 835 3491 non
861 3449 994 3493 usurum
1018 3438 1181 3516 v1patro·

154 3536 202 3600 nis
220 3546 257 3602 ut
274 3560 421 3617 scansus,
445 3536 497 3605 vel
511 3561 575 3617 τοι,
600 3547 637 3603 ut
654 3548 723 3625 post
741 3538 824 3606 bella
842 3540 960 3619 civilia,
985 3551 1058 3608 ante
1076 3542 1180 3632 legem

189 3781 208 3847 ¹)
227 3782 305 3833 Sors.
323 3783 374 3832 Iul.
392 3782 464 3833 Coos.
482 3790 525 3834 41.

189 3862 209 3929 ²)
227 3868 309 3917 Prur.
328 3865 378 3916 lul.
396 3867 468 3917 Caes.
487 3873 528 3917 28.

187 3947 208 4014 ὅ)
226 3951 289 4000 Aac.
314 3967 338 4015 p.
363 3966 407 4002 oa.
432 3954 474 4010 37,
497 3957 537 4001 42.
557 3952 587 4002 cf.
606 3966 645 4002 rs.
660 3965 716 4002 asc.
736 3968 760 4016 p.
779 3966 822 4002 or.
844 3956 890 4002 166
910 3953 942 4002 do
960 3954 1103 4018 antiquiora
1119 3960 1180 4005 tcm-

153 4050 220 4100 poro.
248 4037 394 4088 Banuroar
411 4037 473 4101 nep.
492 4037 565 4086 Rom.
582 4037 619 4087 Π.
639 4053 662 4100 p.
685 4041 740 4086 108.
1000 4098 1002 4102 Α

187 4117 207 4185 ¹¹)
226 4135 250 4169 r.
270 4135 358 4172 nonan
375 4121 442 4172 Dios.
459 4121 475 4171 l.
492 4137 516 4186 p.
530 4125 591 4181 193,
605 4126 660 4171 105.
685 4121 728 4172 Sic
743 4121 820 4173 etiam
834 4135 988 4173 notentur.
1003 4137 1036 4188 op
1050 4122 1069 4172 1.
1084 4137 1108 4188 p.
1119 4128 1178 4173 420.
