2910 4950
703 413 767 481 133

220 650 261 692 eo
289 637 430 711 tempore
460 628 580 688 Romae
611 624 722 704 fuerit,
755 623 833 689 nihil
860 622 948 689 aliud
974 623 1034 688 hoc
1060 638 1155 706 esset,
1189 629 1247 693 nisi

221 739 306 825 quod
335 737 445 804 eodem
474 734 568 802 modo
591 757 628 800 ae
652 759 760 800 nrsris
785 736 880 801 fuerit
902 735 942 800 ab
963 735 1059 801 exilio
1081 750 1246 806 revocatus

220 852 270 916 vel
300 849 385 937 quod
412 873 488 914 usus
510 849 548 913 sit
570 847 720 913 beneficio
746 848 825 936 legis
850 869 1016 926 CAESARIS,
1049 870 1145 934 quam
1168 852 1244 916 seri-

218 973 324 1048 ptores
354 964 497 1048 interque
523 985 576 1038 eos
598 983 674 1025 nnis
699 984 763 1026 non
787 960 934 1025 laudant:
967 960 1126 1043 „nudatos
1149 985 1245 1049 opere

219 1122 238 1155 ‚,
249 1075 407 1151 censorio,
432 1085 487 1138 aut
509 1074 661 1138 sententia
684 1070 823 1138 iudicum
847 1072 886 1136 de
908 1071 1030 1136 ambitu
1052 1073 1243 1142 condemna·

163 1177 172 1196 ⁴
218 1193 294 1266 „tos
321 1184 477 1249 restituit'’
505 1183 545 1272 Ι).
592 1187 658 1249 Hoc
689 1183 783 1259 modo
813 1182 990 1247 testimonis
1016 1205 1182 1250 ciceronis
1210 1176 1243 1252 et

217 1316 345 1360 smum
367 1296 483 1382 optime
506 1294 667 1360 conciliari
690 1304 829 1380 possunt.
878 1296 914 1358 In
936 1293 1052 1358 iudicio
1074 1293 1112 1360 de
1131 1296 1162 1359 vi
1180 1318 1243 1361 sns-

216 1426 287 1469 rrus
309 1415 378 1468 erat
399 1403 562 1469 absolutus
584 1403 730 1468 omnibus
752 1403 911 1467 sententiis
924 1403 951 1491 2)
978 1425 1050 1468 narn
1074 1403 1161 1469 huno
1185 1404 1243 1472 1.l.

217 1538 284 1582 esse
306 1515 550 1603 intelligendum
574 1512 612 1579 do
635 1513 750 1579 iudicio
772 1514 812 1579 de
834 1514 866 1578 vi
888 1524 1019 1600 apparet
1041 1537 1081 1580 ex
1103 1515 1139 1581 iis
1161 1537 1244 1602 quae

217 1637 408 1712 sequuntur,
441 1625 526 1712 quod
553 1647 712 1691 urrunnu
738 1647 757 1689 a
780 1647 844 1710 quo
865 1625 971 1710 palam
997 1628 1244 1714 oppugnabatur
1287 1706 1290 1710 Α

215 1759 337 1803 suerrus
359 1735 546 1816 conciderit,
571 1738 624 1802 Dis
645 1735 887 1822 hominibusque
909 1736 1140 1822 plaudentibus.

263 1852 300 1918 V.
339 1848 529 1917 discussus.

260 1961 306 2024 De
341 1959 437 2025 buius
470 1981 598 2025 caussae
631 1959 766 2025 dictione
799 1982 863 2024 non
899 1960 1037 2024 multum
1072 1963 1242 2028 memoriae

215 2070 366 2138 traditum
395 2082 457 2151 est3
489 2093 530 2135 ex
558 2070 664 2135 verbis
691 2091 772 2156 quae
803 2092 990 2135 ossonensis
1012 2070 1124 2135 obiicit
1153 2094 1241 2137 cren·

215 2204 310 2248 noni:
344 2182 371 2271 ²)
416 2184 615 2268 „Quousque
644 2183 703 2246 ista
728 2181 827 2246 dicis?
864 2180 942 2246 nihil
972 2182 1004 2246 in
1035 2203 1137 2248 cismo
1167 2205 1240 2270 pro·

214 2294 335 2377 „fuisti
381 2294 549 2360 Obsoletse
570 2295 632 2358 iam
656 2303 731 2358 sunt
753 2315 860 2380 preces
883 2292 976 2358 tuao'’
1001 2305 1131 2380 apparet
1153 2317 1240 2361 crcu-

214 2428 325 2471 nonnu
369 2404 541 2472 defendisse
583 2427 710 2471 crsniuu
750 2427 888 2490 eumque
929 2428 994 2470 esse
1035 2405 1240 2485 damnatum,

213 2517 298 2603 quod
319 2517 525 2583 confirmatur
542 2517 647 2584 Sebol.
667 2517 744 2584 Bob.
764 2518 950 2584 testimonio.
967 2519 994 2606 ⁴)
1031 2519 1103 2583 Fuit
1118 2537 1155 2584 u.
1176 2542 1240 2585 ors·

211 2652 278 2694 runs
308 2640 348 2697 tr.
375 2630 420 2715 pl.
448 2652 486 2694 eo
516 2653 617 2708 anno,
646 2652 710 2715 quo
736 2651 853 2695 cicero
876 2629 916 2694 ab
938 2629 1033 2696 exilio
1055 2640 1101 2696 est
1124 2632 1156 2696 in
1179 2654 1240 2718 pa·

209 2743 305 2807 triam
334 2762 496 2818 reversus,
535 2763 675 2806 nmuuo
712 2763 901 2818 missusne,
939 2764 1082 2805 messuro
1118 2765 1239 2808 nueors

211 2876 287 2920 coss.
325 2853 423 2940 igitur
457 2874 486 2917 a.
522 2874 553 2918 u.
590 2874 617 2916 c.
643 2852 725 2917 ost.
756 2873 784 2916 a.
815 2853 848 2916 G.
879 2853 936 2930 573
968 2874 1063 2919 causa
1092 2863 1163 2919 acto
1193 2864 1240 2921 est

211 2952 284 3031 ante
315 2964 517 3028 Plancianam
547 2961 646 3051 igitur
676 2971 748 3025 ante
778 2982 807 3028 a.
838 2983 871 3027 u.
899 2984 926 3026 c.
958 2964 1032 3028 700.
1064 2985 1092 3029 a.
1117 2967 1149 3031 C.
1175 2967 1234 3046 54;

209 3099 285 3142 nom
324 3099 363 3141 eo
400 3085 542 3163 tompore
579 3076 641 3140 iam
679 3073 846 3138 damnatus
879 3082 957 3138 erat.
1016 3074 1086 3138 Non
1119 3085 1238 3141 temere

209 3187 309 3275 igitur
341 3208 415 3251 eum
445 3207 540 3272 agere
568 3185 697 3270 opinor,
729 3184 784 3269 qui
814 3182 896 3249 diost
926 3207 960 3250 u.
992 3205 1118 3249 crsriuu
1141 3184 1237 3253 fuisse

208 3297 248 3364 de
277 3297 399 3363 ambitu
425 3295 620 3382 postulatum
650 3305 817 3381 postquam
846 3304 887 3360 tr.
911 3294 955 3381 pl.
979 3297 1101 3383 egisset.
1148 3297 1237 3365 idem

210 3409 292 3476 cadit
311 3411 344 3474 in
361 3433 388 3474 r.
413 3432 557 3487 srsrrnu,
582 3410 673 3474 cuius
695 3406 847 3473 iudicium
871 3416 977 3474 tumen
1000 3418 1107 3494 posteo
1130 3420 1237 3479 aetum

208 3533 254 3586 est
287 3530 324 3585 ut
358 3520 502 3587 vidimus.
567 3522 650 3584 Rnnr
681 3519 787 3584 scribit
818 3519 960 3585 incaute:
1000 3521 1080 3602 „der
1114 3523 1234 3590 Tribun

208 3657 268 3717 „tn
292 3654 407 3699 currus
429 3631 538 3698 wurde
561 3628 767 3720 angeklagt.”

241 3846 261 3913 ¹)
279 3850 359 3901 Suus.
377 3852 428 3901 Iul.
449 3857 491 3902 tl.

240 3928 583 3998 qmmqnus

240 4012 261 4083 ι)
279 4017 335 4069 Cro.
352 4032 378 4083 p
396 4018 436 4068 Pl.
455 4023 486 4068 31
508 4020 524 4079 ξ
543 4019 585 4066 to.

241 4099 262 4167 Ι5)
280 4101 369 4153 Sehol.
389 4104 453 4154 Bob.
473 4118 497 4168 p.
516 4114 558 4152 on
579 4104 637 4150 267.
