2910 4950
665 385 708 452 39

109 594 116 602 ’
173 617 261 682 possa
290 595 381 661 ouius
402 594 573 661 sententiae
595 614 651 659 eae
673 591 759 680 leges
782 591 900 671 fuerint
931 592 1022 680 (quas
1046 588 1194 655 Baebiam

172 705 355 787 Aemiliam,
389 716 424 771 ut
442 705 519 772 mibi
541 704 666 771 videtur
687 725 853 792 perperam
876 701 1062 790 appellat1)
1090 722 1195 786 neque

173 841 286 885 trvruu
309 819 340 884 id
363 818 528 884 addidisse:
553 817 620 883 fieri
642 828 748 883 autern
772 839 860 903 posse
883 826 920 881 ut
945 814 1094 879 Aemilius
1113 811 1194 878 tule-

171 931 213 996 rit
234 931 384 997 adversus
406 912 646 1019 suffragationes
670 940 703 996 et
725 930 887 1008 coitiones3
920 927 1024 1014 legem
1047 924 1194 990 Baebium

171 1038 322 1106 adversus
352 1040 517 1129 largitores
547 1039 643 1105 latam
667 1038 782 1118 videri,
814 1037 967 1124 siquidem
991 1058 1075 1102 caro
1101 1035 1195 1101 inea

113 1134 116 1138 .
173 1152 332 1231 oratione,
364 1174 428 1238 qua
454 1151 558 1240 legem
584 1151 732 1216 Baebiam
750 1150 905 1230 defendit,
930 1160 1007 1216 teste
1029 1169 1128 1213 norro
1150 1147 1194 1213 sio

171 1261 262 1328 dixit:
281 1264 447 1349 paeoniam
464 1264 616 1348 inlarpibo
632 1263 686 1327 tibi
703 1273 735 1327 et
748 1284 871 1328 sasros:
897 1281 1006 1342 „caro
1026 1260 1058 1323 in
1077 1257 1197 1324 dissum

173 1374 284 1457 „sione
312 1397 353 1439 ne
380 1374 433 1438 lex
466 1373 581 1439 Baebia
610 1372 838 1460 derogaretur'’
870 1371 931 1436 hoo
954 1371 1057 1457 potius
1083 1391 1195 1456 agam,

171 1482 257 1571 quod
276 1483 327 1550 hie
344 1484 470 1573 rogat.”
516 1484 650 1555 Videtur
669 1485 768 1573 igitur
788 1506 932 1550 ssoonsus
950 1480 1073 1548 duabus
1091 1481 1130 1546 de
1149 1480 1195 1546 le-

170 1596 264 1685 gibus
287 1598 439 1685 cogitasse
451 1618 587 1683 quarum
606 1597 708 1664 altera
730 1596 790 1674 illi,
814 1595 913 1662 altera
936 1594 1011 1660 huie
1032 1592 1118 1659 malo
1139 1591 1196 1659 ob·

169 1709 253 1774 viam
281 1709 353 1790 iret3
387 1708 473 1795 quod
503 1731 567 1795 qua
593 1709 714 1774 ratione
740 1707 808 1773 fieri
833 1707 929 1794 possit
954 1706 1069 1773 nescio.
1116 1705 1196 1770 Nam

169 1818 225 1885 ubi
251 1822 370 1886 mentio
399 1820 435 1886 fit
461 1819 500 1887 de
523 1821 594 1909 lege
621 1844 717 1908 quam
735 1820 811 1887 dicit
833 1820 887 1885 ille
909 1808 1090 1896 Aemiliam,
1115 1836 1197 1902 quae

169 1931 289 1998 scilieet
313 1942 424 1997 eontra
446 1933 687 2020 suffiagabones
709 1943 741 1998 at
761 1933 911 1999 coitiones
930 1929 1025 1996 fuerit
1045 1929 1124 2008 lata,
1144 1925 1196 1992 vel

167 2041 245 2128 quid
272 2041 491 2107 demonstrant
519 2041 580 2107 loci
610 2062 761 2119 aaronis,
797 2040 902 2128 legem
929 2040 1018 2105 illam
1047 2037 1195 2103 Baebiam

167 2163 279 2218 contra
298 2152 480 2239 largitiones
502 2152 598 2217 latam
622 2152 740 2219 luisse?
786 2153 851 2217 Nisi
874 2152 954 2218 forto
972 2161 1062 2238 putes
1082 2151 1114 2215 in
1131 2150 1195 2216 eoi·

165 2264 251 2350 tione
274 2263 435 2351 largitioni
458 2263 565 2331 locum
588 2289 653 2331 esse
676 2288 741 2332 non
763 2288 852 2351 posse
870 2264 912 2354 ²).

210 2374 308 2441 Nullo
330 2375 393 2440 alio
416 2374 622 2443 fundamento
644 2378 757 2443 nititur
779 2376 836 2442 illa
854 2377 1036 2442 coniectura
1058 2396 1117 2440 neo
1136 2373 1195 2439 niti

166 2497 268 2574 potest
289 2489 349 2553 nisi
372 2488 473 2555 verbis
496 2511 651 2555 arrianis:
676 2501 733 2572 „et
755 2492 837 2575 tepea
854 2489 893 2554 do
909 2488 1031 2554 ambitu
1049 2486 1193 2553 eonsules

166 2599 371 2683 ,‚tulerunt''.
417 2599 480 2666 Sed
508 2623 549 2667 ne
578 2601 681 2668 dicam
711 2602 750 2668 de
777 2602 959 2669 coniectura
985 2597 1193 2665 iamdudum

164 2709 197 2779 h.
218 2709 240 2778 l.
271 2712 431 2798 proposita
456 2722 494 2779 ut
515 2723 657 2779 mutetur
680 2715 813 2798 lepesin
837 2717 950 2799 Iopen,
983 2711 1059 2798 quid
1081 2711 1195 2798 probat

163 2822 220 2889 ille
242 2822 398 2910 pluralis?
443 2826 477 2890 Si
499 2824 643 2891 eonsules
665 2826 770 2913 legem
786 2825 825 2891 de
843 2824 964 2890 ambitu
982 2823 1065 2889 ferre
1085 2825 1192 2910 cupie-
1285 2830 1309 2882 ,¹

163 2933 243 3000 bant
265 2956 324 2999 cur
348 2934 402 3000 ille
425 2934 464 3000 de
485 2934 559 3013 bae,
589 2935 640 3001 bio
662 2934 701 3001 de
723 2934 779 3000 illa
802 2935 937 3000 ambitus
962 2937 1064 3020 specie
1085 2935 1191 3022 legem

163 3045 285 3112 ferreti
314 3069 390 3113 nam
414 3047 522 3126 coitio,
555 3070 656 3134 aeque
681 3047 760 3113 bene
783 3070 821 3113 ao
843 3046 970 3135 largitio
991 3045 1032 3111 ad
1054 3045 1190 3111 ambitus

161 3158 282 3224 crimen
317 3159 503 3245 pertinebat.
556 3163 595 3226 Et
626 3159 785 3245 quomodo
818 3180 963 3226 ssaoruus
995 3157 1190 3244 antiquitatis

128 3262 135 3283 ⁸
160 3270 323 3336 Romanae
342 3270 428 3337 haud
445 3273 611 3359 imperitus
630 3273 705 3339 talia
720 3276 841 3339 Romae
859 3295 1002 3360 unquam
1020 3259 1104 3339 lacta
1122 3294 1189 3338 esse

193 3583 214 3651 ¹)
231 3585 286 3636 Noe
311 3599 439 3636 ornamus
466 3589 578 3651 agnoscit
603 3587 687 3652 legem
715 3586 856 3638 Aemiliam
881 3588 1004 3638 Baebium
1026 3588 1058 3637 do
1081 3588 1183 3636 ambitu

159 3667 275 3719 cr1nd.
294 3669 342 3732 leg.
361 3686 384 3735 p.
408 3676 463 3721 1³1.

192 3752 318 3804 Permulti
340 3762 425 3806 umen
448 3757 578 3821 scriptores
599 3757 666 3807 hanc
688 3757 772 3820 legem
793 3759 881 3808 dicant
897 3757 1035 3808 Aemiliam
1052 3755 1182 3807 Baebium.

158 3837 216 3888 vido
232 3853 295 3903 quos
312 3838 399 3889 laudm
414 3854 452 3890 ou
468 3855 540 3901 usn,
560 3856 601 3906 op.
619 3840 636 3890 l.
652 3856 676 3905 p.
693 3845 735 3892 37.

193 3921 353 3981 Baaumar,
371 3924 478 3987 Republ.
495 3926 619 3975 Romaine
636 3926 673 3975 11.
691 3941 715 3990 p.
733 3929 774 3975 72.
793 3926 842 3990 (La
857 3925 932 3989 Haye
951 3923 1034 3983 17667.

195 3999 217 4070 ²)
235 4020 260 4057 v.
282 4021 304 4057 e.
329 4008 447 4073 exemplo
467 4022 592 4061 caastnrs
615 4017 641 4061 et
663 4022 774 4061 succan.
815 4007 870 4060 Cro.
893 4009 926 4060 ad
942 4009 998 4060 Aa
1016 4008 1038 4059 Ι.
1061 4011 1099 4058 77.
1116 4020 1184 4066 nso

159 4101 201 4140 aas
218 4096 245 4143 et
261 4102 370 4143 aaamn.
401 4093 455 4145 Cre.
475 4109 500 4158 p.
518 4094 600 4146 Redit
619 4094 646 4146 in
663 4093 760 4147 Senatu
780 4096 792 4145 7
813 4094 828 4157 5
849 4097 887 4145 u.
