2910 4950
707 383 749 447 49

216 616 317 679 „coss
351 615 370 660 n
396 591 578 661 censoribus
602 591 713 681 (igitur
736 612 820 657 anno
843 599 912 678 post
935 593 1133 660 consulatum
1155 616 1238 659 con-

215 731 328 795 „rrssrr
350 716 381 772 et
404 704 522 791 rouvre)
547 728 575 770 r.
600 726 758 769 consenso
778 726 933 780 sensere,
958 728 992 770 rr.
1012 728 1157 772 roeruuro
1175 717 1237 771 stu·

215 830 312 904 „tuns
342 820 426 885 cirea
450 816 707 895 serumserum,
733 815 788 902 qui
812 817 1030 904 magistratum
1055 827 1236 905 gesserunt,

214 929 381 1015 „sublatas
404 952 529 1008 omnes,
553 938 678 1015 praeter
701 950 767 1006 ens,
798 950 880 1015 qnae
902 927 1011 1015 populi
1034 940 1090 993 aut
1112 939 1240 994 senatus

214 1044 396 1127 „sententia
424 1049 557 1106 statutae
581 1049 692 1106 essent.
738 1041 815 1105 Eam
841 1061 934 1118 vero,
959 1062 1054 1125 quarn
1078 1039 1164 1126 apud
1186 1063 1239 1104 ae-

215 1152 315 1236 „dem
337 1153 489 1232 Telluris,
520 1152 678 1218 statuisset
700 1150 757 1217 sibi
784 1175 827 1217 ss.
852 1174 991 1230 cessrus,
1020 1153 1075 1238 qui
1101 1175 1237 1240 regnum

213 1267 457 1348 „affectaverat,
480 1265 576 1329 etiem
607 1261 775 1329 conflatam
802 1285 822 1328 a
845 1264 1036 1330 censoribus.
1082 1264 1240 1329 interirem

213 1374 273 1456 „in
296 1395 334 1438 ea
351 1394 386 1437 re
406 1393 521 1458 qnoque
545 1369 703 1434 ambitioni
720 1370 924 1455 previdebant
946 1372 993 1436 itti
1013 1369 1105 1437 eiri.”

257 1485 365 1548 Exstat
395 1494 557 1569 praetereo
588 1481 675 1549 loeus
706 1504 857 1562 curonis,
887 1483 941 1568 qui
970 1482 1016 1548 bis
1047 1483 1197 1551 laudetur
1219 1477 1252 1550 ιι

212 1616 377 1660 rnucrnno
404 1593 430 1679 ¹)
454 1592 535 1674 „sed
557 1603 631 1659 sunt
655 1595 789 1680 partim,
814 1595 868 1681 qui
894 1593 1031 1660 (luorum
1054 1618 1162 1662 rerum
1186 1582 1237 1661 el-

212 1707 337 1788 „terius
361 1706 463 1770 utrius
486 1727 580 1771 caiisa
603 1706 824 1794 magistratum
847 1705 992 1793 petunt.”

255 1816 305 1882 Ad
328 1840 422 1904 quem
444 1832 567 1882 'annum
590 1818 610 1885 i.
624 1840 652 1885 e.
670 1817 710 1883 ad
728 1840 825 1905 quam
844 1817 949 1905 legem
969 1817 1008 1883 de
1026 1817 1147 1883 ambitu
1164 1840 1237 1885 sue-

212 1927 345 1994 dendsm
370 1927 420 1993 vel
439 1927 680 1993 dissuadendum
699 1927 777 1996 haec
794 1927 889 1994 verba
907 1928 1074 1994 referenda
1092 1930 1154 1995 sint
1169 1952 1236 1995 sm-

211 2026 348 2127 bigitnr‚
372 2061 431 2104 nee
454 2039 480 2103 is
501 2062 571 2105 sum
589 2039 731 2125 quirem
751 2038 982 2105 diiudicandum
1002 2039 1080 2104 rnihi
1101 2063 1236 2106 sumam.

256 2152 407 2215 Mutunus
435 2149 542 2215 scribit
573 2149 616 2236 2);
653 2151 751 2215 oratio
781 2153 820 2214 de
852 2152 966 2216 ambitu
999 2149 1081 2216 dicta
1115 2151 1239 2218 videtur

211 2285 240 2329 a.
262 2285 294 2328 u.
315 2285 341 2328 c.
368 2262 434 2326 594
460 2261 551 2351 (595)
579 2284 607 2328 n.
628 2262 661 2328 C.
683 2263 746 2326 159
765 2261 812 2351 3),
839 2262 889 2327 vel
909 2286 937 2330 a.
957 2285 990 2329 u.
1010 2286 1038 2329 c.
1061 2263 1126 2328 573
1150 2286 1179 2330 a.
1203 2265 1236 2331 G.

155 2401 156 2404 ¹
213 2375 294 2453 181,
320 2372 370 2439 vel
393 2383 430 2438 ut
451 2396 590 2438 stennon
612 2373 639 2461 ⁴)
665 2396 694 2439 a.
716 2397 748 2441 ιι.
767 2396 794 2440 e.
819 2372 883 2439 571
909 2397 937 2440 s.
962 2374 995 2442 C.
1023 2376 1097 2442 184.

217 2556 221 2566 .
255 2486 325 2550 Non
348 2483 465 2550 habent
487 2495 592 2549 tomen
616 2507 724 2550 omnes
748 2484 821 2550 illae
844 2486 1029 2564 sententiae,
1053 2508 1117 2571 quo
1136 2509 1170 2550 se
1184 2508 1237 2551 eo·

212 2595 284 2663 dem
313 2598 382 2662 iure
404 2596 641 2676 commendent;
676 2599 792 2684 quippe
819 2595 859 2662 ad
886 2620 1008 2662 annum
1032 2596 1096 2664 573
1120 2596 1237 2662 idcirco

210 2730 275 2775 uon
309 2731 374 2774 esse
403 2707 605 2773 referendum
634 2706 695 2772 hoc
724 2707 940 2795 fragmentum
966 2707 1118 2786 arbitror,
1151 2706 1237 2794 quod

210 2830 288 2886 tune
310 2819 452 2884 additum
475 2819 590 2884 vellem
613 2842 651 2883 eo
673 2828 813 2904 ternpore
836 2843 901 2885 esse
920 2819 1017 2885 latam
1037 2819 1140 2908 legent
1157 2821 1236 2884 Bae-

210 2930 296 2996 bium
324 2929 363 2994 de
385 2952 449 3015 qua
471 2951 584 3014 supru;
617 2950 692 2993 narn
719 2928 796 2993 haee
822 2927 874 2993 lex
897 2931 922 2993 si
948 2952 1059 2993 verum
1086 2931 1152 2995 illic
1175 2930 1237 2999 vidi

210 3044 243 3109 in
272 3041 418 3107 omnibus
440 3040 517 3106 locis
542 3063 600 3105 suo
627 3040 755 3105 nomine
781 3039 920 3129 (Bnebia)
946 3039 1076 3121 dicitur;
1109 3064 1169 3107 nee
1191 3049 1238 3106 est

211 3153 298 3242 qnod
319 3153 379 3220 hoc
403 3153 473 3220 loeo
496 3152 536 3221 ab
558 3175 596 3218 eo
619 3174 707 3218 mere
730 3150 905 3219 recedatur.

244 3471 266 3537 1)
283 3473 357 3525 Tem.
375 3475 397 3525 Ι.
415 3489 439 3540 p.
460 3478 519 3526 208.
536 3491 560 3540 p.
581 3481 630 3527 ets
650 3477 689 3526 ed.
708 3490 834 3529 rurscrur.

243 3553 265 3623 ²)
283 3574 308 3623 p.
327 3563 368 3609 53.
387 3574 427 3623 op.
443 3559 461 3609 l.

242 3639 264 3709 5)
281 3643 337 3694 Hss
367 3645 471 3709 protulit
503 3645 635 3710 opiniones
667 3658 791 3696 sternuto
823 3647 850 3695 in
877 3645 985 3696 editione
1011 3647 1101 3710 priore.
1144 3645 1236 3697 Postea

140 3789 143 3793 ,
208 3742 287 3793 quum
305 3735 392 3779 nectus
409 3744 465 3780 sum
483 3730 618 3780 editionem
637 3730 742 3782 alteram
761 3730 858 3796 (Turici
878 3732 953 3795 1⁸42)
977 3731 1030 3780 ridi
1048 3746 1106 3781 eum
1124 3732 1237 3781 emisisse

209 3826 232 3862 s.
250 3828 275 3862 ιι.
293 3830 314 3864 c.
334 3819 383 3863 595
403 3822 428 3864 et
444 3815 526 3864 solum
544 3816 668 3879 scripsisse
686 3815 717 3864 de
740 3815 796 3877 lege
813 3815 865 3863 lutn
882 3830 904 3863 n.
923 3831 948 3863 ιι.
966 3829 987 3863 e.
1008 3819 1057 3863 573
1076 3817 1117 3865 vel
1136 3819 1185 3866 sto
1204 3817 1236 3865 orl

207 3913 285 3964 quum
302 3899 369 3950 hune
387 3900 470 3950 lecum
488 3890 595 3950 clroxrs
613 3900 724 3950 referret.
752 3900 812 3951 Vid.
832 3900 870 3948 ed.
889 3904 930 3947 2³0
947 3913 972 3962 p.
991 3902 1024 3947 88
1042 3914 1079 3963 sq.

242 3982 263 4049 ⁴)
281 3985 313 4035 In
336 3985 439 4034 historio
462 3984 619 4049 eloquentius
636 3986 709 4034 Rern.
725 4001 749 4049 p.
765 3983 876 4044 XXIII,
900 3999 976 4050 quom
990 3984 1118 4050 praemisit
1132 3985 1235 4036 editioni

207 4080 343 4120 uenenis
359 4070 442 4120 Bruti.
457 4097 492 4107 -
509 4068 653 4133 Regimonti
670 4069 838 4119 Bornssernm
859 4073 931 4118 1825.

1078 4161 1099 4223 t
