2910 4950
688 398 750 466 152

208 606 279 671 niae
302 615 333 670 et
355 628 394 669 ex
417 604 548 670 consilio
564 607 697 670 Senatus
719 614 756 669 ut
774 627 829 669 eae
848 605 1042 690 potissimum
1062 603 1234 669 ederentur

208 716 325 794 tribus,
358 715 471 802 quibus
500 738 573 780 reus
602 717 740 781 maxime
762 726 856 781 notus
878 724 946 780 erat
967 715 988 781 i.
1009 737 1037 780 e.
1062 737 1141 801 quas
1163 738 1234 781 cor·

209 829 353 914 rupisset.
400 830 436 892 ln
471 828 673 913 sequentibus
705 829 750 893 sie
783 829 888 914 pergit
917 837 1041 891 orator:
1076 825 1101 915 ¹)
1138 837 1234 908 „tum

210 939 375 1022 „mirabor
397 950 426 1004 te
449 939 486 1003 iis
508 941 603 1003 armis
621 940 684 1017 uti,
709 961 790 1025 quae
809 938 861 1003 lex
879 938 933 1002 tibi
951 936 1062 1017 dabat,
1085 938 1234 1006 noluisse.

212 1049 418 1132 „Tribulibus
429 1049 513 1114 enim
530 1049 686 1115 iudicibus
699 1073 763 1114 non
775 1049 869 1114 medo
880 1051 1076 1115 severitatem
1088 1050 1235 1129 illorum,

211 1161 262 1244 „si
290 1163 351 1225 ista
381 1183 456 1226 vera
483 1170 573 1241 sunt,
601 1162 655 1226 sed
678 1185 718 1227 ne
741 1161 848 1241 uultus
871 1160 997 1247 quidem
1021 1161 1104 1226 ferie
1126 1184 1237 1248 posse-

212 1294 318 1355 „mus
372 1273 462 1336 Hanc
495 1282 531 1336 tu
564 1273 718 1338 rationem
759 1295 860 1359 quum
901 1272 1038 1360 fugeris,
1073 1288 1238 1360 quumque

214 1407 292 1467 „eos
315 1382 432 1448 iudices
453 1382 570 1449 habere
592 1384 748 1462 nolueris,
773 1406 910 1471 quorum
934 1385 965 1447 in
987 1382 1082 1448 huius
1104 1383 1237 1463 delicto,

214 1517 340 1581 „quum
370 1495 497 1559 scientia
527 1496 713 1574 certissima,
739 1506 807 1559 tum
835 1495 926 1559 dolor
948 1495 1150 1582 gravissimus
1172 1517 1240 1559 esso

215 1603 405 1688 „debuerit”
445 1615 516 1672 cett.
564 1607 668 1693 Igitur
701 1605 831 1670 tribules
863 1626 990 1670 11111011
1023 1604 1140 1670 iudices
1173 1628 1240 1670 esse

216 1715 322 1781 noluit
355 1738 551 1781 urrrnrnsrs.
602 1717 659 1782 Ast
691 1728 760 1782 erat
792 1741 831 1781 ex
872 1717 957 1782 tribu
998 1717 1167 1782 Terentina
1203 1726 1241 1782 ut
1325 1717 1328 1723 ’

216 1827 356 1893 indicant
388 1826 500 1891 rerba:
527 1827 554 1915 ²)
591 1828 755 1911 „Voltinia
790 1828 889 1893 tribus
918 1829 958 1893 ab
985 1828 1045 1894 boc
1071 1839 1238 1916 corrupta:
1295 1848 1297 1852 ·

217 1939 443 2023 „Terentinam
473 1938 584 2004 babuit
602 1939 756 2005 venalem.
777 1943 782 1949 ’
804 1939 887 2021 Quid
911 1940 1028 2005 diceret
1056 1941 1141 2028 apud
1163 1939 1241 2010 Vol·

219 2051 413 2132 „tiniensesl
437 2061 493 2115 aut
511 2050 596 2138 apud
615 2051 744 2116 tribules
762 2074 834 2115 suos
856 2051 1015 2116 iudices?’'
1046 2054 1123 2117 Tres
1143 2053 1243 2140 igitur

218 2163 319 2228 tribus
347 2160 545 2241 iudicabant,
573 2161 627 2227 sed
656 2162 812 2228 diffieilior
840 2173 947 2227 manet
973 2142 1085 2229 adime¹
1102 2164 1244 2251 quaestio

104 2318 112 2331 ·
218 2274 377 2361 quomodo
400 2273 516 2338 iudices
538 2297 577 2339 ex
598 2273 660 2339 illis
678 2273 822 2339 tribubus
841 2273 1045 2361 eligerentur.
1083 2278 1119 2340 ln
1139 2274 1243 2341 diver-

219 2409 268 2453 sas
301 2397 405 2473 partes
438 2385 604 2471 scriptores
638 2385 751 2450 diversi
785 2386 911 2451 abeunt.
963 2386 1105 2451 Primum
1139 2409 1245 2454 meam

220 2495 399 2586 opinionem
423 2496 679 2582 qualemcunque
701 2497 874 2582 proferam3
899 2497 1035 2563 aliorum
1058 2500 1244 2564 sententiam
1278 2580 1284 2587 ι

221 2621 327 2697 postea
350 2607 521 2673 diiudicare
540 2607 687 2674 conabor.
722 2609 853 2696 Legitur
871 2608 956 2695 apud
975 2610 1079 2676 Schol.
1099 2611 1190 2678 Bob:
1213 2610 1243 2700 8)

222 2733 385 2810 „quatuor
407 2721 457 2786 edi
471 2721 580 2787 tribus
602 2721 642 2787 ab
664 2733 858 2800 accusatore,
880 2745 918 2785 ex
943 2722 1057 2807 quibus
1079 2746 1135 2788 reo
1156 2723 1249 2788 licuit

223 2858 350 2920 „unam
381 2834 509 2900 relicere
532 2845 568 2900 ut
591 2834 629 2899 de
651 2833 752 2898 tribus
775 2833 904 2920 reliquis
926 2834 1073 2923 iud[ices}
1099 2835 1246 2917 haberet;

225 2945 417 3029 „editionem
450 2955 556 3010 tamen
591 2944 631 3010 ab
665 2955 846 3010 accusatore
880 2946 924 3009 sic
951 2944 1019 3010 fieri
1048 2945 1183 3011 voluisse
1214 2956 1251 3012 ut

224 3080 303 3141 „eas
333 3056 455 3134 ederet,
484 3078 562 3143 quas
591 3067 756 3142 corruptas
779 3078 797 3120 a
820 3055 985 3120 candidato
1002 3057 1248 3124 criminaretur'’

228 3181 299 3236 cett.
346 3169 448 3233 Editio
482 3167 623 3232 tribuum
658 3168 756 3255 igitur
778 3168 968 3232 accusatoris
1001 3179 1061 3249 est3
1097 3169 1151 3234 sed
1184 3170 1252 3236 sola

229 3282 370 3349 tribuum
401 3303 465 3344 nen
497 3290 601 3345 tamen
632 3279 772 3345 iudicum
807 3280 918 3359 editio,
951 3280 1035 3366 quod
1061 3282 1156 3347 etiam
1179 3283 1254 3347 satis
1303 3294 1308 3300 “

229 3401 360 3481 apparet
381 3414 421 3455 ex
443 3413 545 3457 voce:
572 3392 600 3479 ‘)
626 3414 757 3478 „neque
780 3417 841 3480 ego
859 3416 945 3458 nune
965 3392 1129 3458 eonsilium
1146 3416 1254 3480 repre·

231 3502 360 3586 „hendo
393 3510 486 3569 tuum
521 3501 605 3588 quod
639 3528 699 3569 non
732 3527 784 3570 eas
817 3505 926 3584 tribue,
963 3505 1076 3591 quibus
1106 3515 1175 3570 erat
1202 3504 1256 3570 hic

232 3615 394 3700 „maxime
416 3625 509 3680 notus
533 3614 696 3684 ediderdsss'
742 3618 789 3681 Ex
812 3617 877 3684 illis
896 3617 996 3684 tribus
1013 3617 1157 3684 tribubus
1175 3615 1257 3682 iudi-

268 3826 361 3890 ¹101c.
380 3843 403 3891 p.
421 3826 510 3876 Plane.
533 3830 562 3874 18
581 3825 593 3889 b
612 3831 653 3875 45.

268 3910 361 3979 ²101st
382 3929 404 3976 μ
423 3912 511 3960 Plane.
533 3911 562 3959 1⁷
581 3910 654 3974 143.

267 3996 390 4062 51801101.
409 3998 473 4046 Bob.
491 4011 515 4060 p.
535 3993 583 4044 Ora
603 3998 661 4042 261.

267 4082 287 4147 ⁴)
306 4084 360 4134 Crc.
379 4099 402 4146 p.
421 4082 508 4131 Plane.
531 4084 560 4128 la
579 4079 592 4142 1
610 4085 651 4127 44.
