2910 4950
658 412 706 480 79'

168 647 304 692 sunnin:
330 632 468 712 quatuor
491 623 663 710 posteriora
685 643 763 687 vero
788 630 858 709 post
880 644 1017 703 suetan,
1042 615 1100 691 sed
1119 635 1192 692 ante

171 737 274 827 legem
297 737 502 823 Calpurniam
516 733 556 824 ¹).

212 852 320 932 Quum
348 851 411 914 iam
438 848 591 914 ambitum
615 847 772 913 furentem
795 848 1051 927 tractaverimus,
1083 848 1192 914 viden·

168 961 247 1028 dum
274 972 321 1027 est
345 960 385 1026 de
406 962 459 1040 iis,
491 983 573 1047 quae
602 981 700 1046 supra
729 958 787 1025 sub
817 958 927 1025 litteris
956 961 982 1023 B
1004 961 1081 1026 etc
1108 958 1193 1025 indi-

169 1074 323 1140 cavimus.

414 1184 450 1250 B.
497 1182 565 1250 Lea
595 1182 731 1250 Gabinia
756 1184 941 1248 Tabellaria.

213 1364 219 1376 Ι
496 1300 688 1346 ancora.
723 1308 792 1345 nc,
815 1300 871 1344 las.

218 1406 314 1490 Quod
346 1408 372 1471 si
401 1407 473 1492 quis
502 1406 610 1492 cupiat
637 1416 722 1472 recte
753 1415 848 1492 atque
877 1405 987 1471 ordine
1016 1386 1195 1471 historicam
1317 1444 1320 1451 ·

172 1518 334 1583 instituere
356 1502 601 1602 disquisitionem
624 1517 663 1582 de
686 1516 808 1583 ambitu
830 1518 915 1604 apud
933 1520 1105 1596 Romanos,
1129 1538 1195 1583 non
1225 1494 1230 1503 .

169 1631 244 1695 satis
273 1639 320 1694 est
349 1640 386 1692 nt
416 1640 563 1693 accurate
594 1629 680 1717 leges
710 1641 875 1696 enumeret
902 1639 997 1717 atque
1019 1629 1058 1695 de
1080 1630 1195 1695 harum

168 1753 311 1829 tempore
327 1742 546 1828 sententiaque
562 1741 714 1828 disputet,
739 1741 793 1808 sed
812 1744 906 1808 etiam
925 1741 1006 1807 illud
1023 1740 1195 1808 videndum

170 1863 232 1934 est,
265 1853 341 1939 quid
363 1876 413 1919 res
433 1853 473 1918 ab
495 1865 686 1942 argumento
711 1854 777 1920 fere
800 1855 920 1921 alienae
943 1856 1121 1932 offecerint,
1145 1853 1196 1918 vel

170 1967 276 2052 potius
299 1964 459 2051 quomodo
479 1965 600 2031 malum
619 1989 676 2053 per
692 1969 843 2052 temporis
861 1966 1100 2032 diuturnitatem
1117 1988 1196 2051 quo-

170 2075 331 2162 quomodo
360 2084 392 2139 et
422 2075 562 2160 qualibet
599 2077 721 2140 ratione
755 2075 849 2140 latius
886 2098 1012 2161 serpere
1049 2077 1196 2161 coeperit.

172 2185 479 2251 Animadvertendae
501 2196 575 2252 sunt
597 2209 706 2251 omnes
731 2187 765 2252 in
783 2189 862 2273 Rep.
887 2188 1092 2266 mutationes,
1117 2208 1199 2273 quae

172 2298 409 2386 aliquantulum
437 2297 487 2363 vel
515 2321 555 2365 ex
578 2298 754 2386 longinquo
781 2322 856 2365 cum
879 2300 946 2386 ipso
968 2300 1096 2387 negotio
1118 2321 1198 2365 con-

171 2413 262 2500 iungi
284 2433 373 2497 posse
392 2423 589 2479 censeantur.
626 2413 771 2494 Quarum
790 2434 900 2477 rerum
919 2435 936 2476 c
959 2434 1094 2477 numero
1113 2410 1199 2497 quod

173 2523 214 2588 ad
236 2524 357 2589 crimen
379 2523 516 2588 ambitus
539 2524 651 2588 attinet
676 2534 761 2590 certe
787 2532 834 2588 est
856 2523 909 2588 lex
930 2523 1065 2589 Gabinia
1087 2522 1199 2589 Tabel-

168 2634 253 2701 -laria
273 2635 321 2722 ²),
346 2658 410 2721 qua
432 2645 562 2700 cautum
586 2658 615 2701 a.
639 2659 672 2702 u.
693 2658 720 2703 c.
743 2636 819 2702 615.
851 2658 879 2702 a.
903 2637 937 2702 C.
964 2637 1039 2702 139.
1073 2646 1138 2719 „nt
1165 2636 1199 2701 in

174 2746 436 2834 „magistratibus
470 2745 629 2825 creandis,
670 2770 733 2813 non
768 2769 845 2812 voce
879 2748 960 2812 cives
993 2747 1048 2812 sed
1077 2746 1202 2812 tabellis

174 2856 403 2941 „uterentur”.
453 2859 616 2942 Perpauca
639 2858 724 2944 apud
745 2859 828 2943 ipsos
850 2861 995 2945 antiquos
1017 2869 1141 2926 exstant
1161 2858 1202 2924 do

175 2969 247 3056 lege
277 2968 411 3032 Gabinia
439 2967 604 3033 tabellaria
636 2969 739 3055 deque
768 2969 964 3056 suffragandi
994 2971 1115 3036 ratione
1144 2993 1203 3057 per

174 3101 285 3145 vocem
309 3077 361 3143 vol
384 3100 441 3165 per
463 3079 604 3146 tabellas.
648 3078 741 3146 Solus
764 3102 895 3145 ruamus
916 3079 943 3169 ³)
972 3079 1012 3145 de
1034 3103 1071 3145 ea
1093 3102 1128 3146 re
1150 3102 1201 3146 ra·

176 3192 358 3258 tiocinatnr.
683 3253 688 3261 .

222 3305 327 3370 Potest
360 3302 399 3369 de
428 3324 466 3369 ea
495 3325 529 3369 re
559 3313 596 3369 nt
624 3304 701 3370 mihi
731 3288 861 3370 videtur
882 3306 915 3371 in
939 3305 1077 3372 diversas
1100 3314 1205 3393 partes

213 3599 234 3667 ¹)
249 3601 292 3651 Do
307 3600 346 3650 his
363 3601 515 3664 temporibus
532 3604 665 3660 matun,
690 3600 775 3651 Vortr.
793 3601 830 3651 11.
845 3615 870 3665 p.
886 3606 951 3650 315:
976 3614 1024 3650 nea
1041 3614 1093 3650 war
1106 3598 1206 3647 damnis

182 3685 279 3736 nachon
302 3701 367 3750 ganz
388 3686 525 3749 allgemain
547 3686 604 3735 dass
625 3699 678 3735 wer
699 3685 753 3736 sich
772 3700 817 3735 nm
840 3686 896 3735 eina
918 3684 998 3735 Statio
1021 3684 1121 3734 bewarb
1139 3682 1205 3733 Gsld

182 3774 334 3837 rependota,
351 3773 412 3822 aber
433 3773 512 3836 jadon
534 3773 621 3836 klssste
647 3771 711 3822 doch
737 3771 825 3821 acinon
851 3769 953 3833 Gegncr
976 3769 1022 3819 dar
1042 3767 1089 3818 aut
1108 3784 1141 3818 an
1160 3782 1206 3818 um

183 3860 258 3910 »ihm
275 3877 307 3910 zu
324 3861 508 3922 verdrtngen.”

214 3939 235 4010 ²)
253 3945 298 3995 Ad
320 3946 386 3995 hanc
409 3944 492 4006 legam
516 3943 690 3993 illustrandam
713 3940 823 3992 multum
846 3938 914 3990 valet
937 3952 1007 3990 rum.
1028 3938 1074 4002 Ep.
1092 3936 1144 3987 111.
1165 3941 1206 3986 20.

182 4029 241 4079 vide
257 4030 334 4079 etism
351 4042 473 4078 nncmun
490 4028 522 4077 de
539 4028 618 4090 chg.
636 4040 753 4077 ramam.
772 4040 796 4090 p.
816 4028 839 4074 7.
857 4036 913 4087 sqq.

220 4108 242 4179 ὅ)
257 4114 408 4166 Praesertim
427 4116 459 4164 de
477 4115 556 4178 chg.
575 4115 627 4162 111.
645 4129 666 4162 c.
689 4118 720 4161 14
737 4126 790 4177 sqq.
