2910 4950
619 392 683 457 207

143 605 235 691 „ipse
264 602 407 669 edidisset
432 600 495 692 ¹).''
549 599 670 667 Libello
706 623 779 666 suos
808 600 988 668 candidatos
1023 602 1167 669 tribubus

143 716 384 782 commendabat
406 724 442 779 ut
465 715 582 780 civium
604 713 757 802 suffragio
780 711 965 802 dignitatem
988 737 1078 780 suam
1098 724 1167 781 tue·

143 840 265 895 rentur.
313 826 406 909 Quod
440 827 465 892 si
498 825 591 891 fidem
625 825 740 892 habeas
774 827 826 906 iis,
860 848 941 913 quae
975 825 1053 892 dixit
1086 848 1168 891 nou-

143 964 249 1007 cnsou
274 939 472 1028 ²)„cnusss
499 961 564 1003 non
587 937 690 1003 solum
714 937 875 1004 dimidiam
898 949 1020 1026 partem
1044 949 1169 1004 cetero-

145 1077 218 1118 rum
250 1053 493 1140 magistratuum
527 1051 627 1115 creari
656 1050 788 1115 curabat
817 1049 871 1114 sed
901 1051 994 1115 etiam
1023 1049 1168 1115 consula·

143 1172 212 1229 tum
240 1162 349 1227 amicis
375 1162 439 1227 suis
461 1160 572 1240 dabat;
599 1160 684 1246 quod
706 1170 812 1226 tamen
837 1184 877 1225 ex
899 1160 1002 1226 verbis
1024 1184 1170 1231 sunrouu

143 1275 165 1342 l.
186 1275 207 1342 l.
229 1273 343 1361 quibus
365 1275 477 1339 nititur
499 1295 695 1338 noocnnumr
718 1272 837 1359 opinio,
861 1295 956 1338 nemo
978 1272 1070 1338 facile
1090 1296 1169 1339 con-

143 1387 234 1451 ficiet.
281 1387 377 1449 Recte
404 1406 482 1448 vero
511 1383 572 1451 hoc
600 1383 765 1450 conficitur
788 1406 828 1448 ex
851 1407 946 1450 orosa
970 1405 1089 1462 cusam,
1115 1384 1170 1471 qui

144 1521 213 1563 rem
243 1498 287 1562 sic
317 1497 446 1582 exponit
475 1496 522 1584 8);
571 1498 722 1561 Senatum
753 1495 896 1560 omnium
926 1497 1169 1584 magistratuum

145 1611 350 1686 creationem,
375 1609 469 1672 etiam
492 1606 688 1694 plebeiorum
711 1606 751 1672 ad
770 1630 843 1672 eum
863 1606 1009 1673 detulisse
1024 1608 1072 1695 ⁴);
1096 1607 1170 1694 ipsi·

144 1743 207 1806 que
238 1718 438 1784 consulatum
471 1717 668 1782 continuasse
698 1718 730 1781 iu
760 1715 958 1782 decennium.
1010 1716 1087 1782 Inde
1110 1740 1171 1782 ne·

145 1831 279 1896 cessario
302 1829 421 1894 factum
445 1838 491 1893 est
513 1839 550 1892 ut
572 1829 637 1914 ipse
662 1827 781 1892 diceret
803 1826 854 1890 vel
878 1837 1000 1890 crearet
1021 1827 1078 1890 sibi
1101 1828 1172 1894 col-

144 1937 249 2024 legam
273 1940 305 2002 in
329 1938 510 2016 consulatu,
531 1938 621 2001 cuius
640 1936 685 2001 rei
703 1935 860 2001 nonnulla
876 1936 1023 2024 exempla
1041 1938 1171 2004 omnino

144 2057 255 2112 contra
276 2069 396 2112 morem
413 2048 571 2113 maiorum
590 2058 701 2113 narrat
720 2046 761 2135 ⁵).
798 2048 981 2113 Ceterorum
1001 2050 1171 2137 nragistra-

144 2168 236 2226 tuum
260 2159 450 2225 creationem
474 2181 533 2246 pro
556 2158 684 2226 dimidia
706 2170 796 2246 parte
819 2159 876 2225 sibi
901 2160 1083 2227 reservabat
1107 2162 1147 2250 ⁸).

188 2385 226 2447 In
249 2382 336 2449 hunc
363 2382 518 2470 populum
544 2384 745 2462 Romanum,
778 2383 833 2469 qui
855 2383 930 2449 talia
953 2384 1074 2451 larebat
1097 2408 1172 2452 con·

143 2495 232 2561 venit
253 2505 364 2560 notum
389 2494 470 2563 illud
494 2518 658 2562 ravennam
682 2496 726 2585 ⁷):

632 2608 713 2694 „qui
736 2607 831 2674 dabat
854 2608 945 2687 olim,

236 2718 433 2802 „imperium
457 2715 554 2781 fasces
580 2716 737 2805 legiones,
762 2719 884 2798 omnia,
910 2741 997 2784 nunc
1019 2742 1069 2798 se,

235 2829 402 2911 „continet
424 2837 518 2913 atque
540 2826 619 2893 duas
641 2852 691 2894 res
714 2839 837 2896 tantum
861 2831 974 2898 anxius
996 2841 1091 2920 urget

235 2963 375 3027 „panem
399 2950 430 3004 et
453 2939 642 3006 circenses:’'

179 3158 199 3224 1)
218 3160 296 3211 Srnr.
314 3159 385 3210 Caes.
405 3165 447 3208 41.

179 3242 200 3307 2)
218 3247 377 3296 Borcumtn.
396 3259 436 3309 op.
459 3243 476 3294 l.
495 3260 520 3309 p.
540 3248 598 3293 421.

179 3328 199 3395 5)
217 3332 256 3383 Cf.
283 3332 369 3382 Schol.
394 3331 426 3380 ad
449 3343 549 3380 nocam
571 3328 687 3378 Phersol.
713 3330 747 3378 V.
772 3332 822 3378 39³
849 3341 886 3393 sq.
909 3329 942 3379 nd
965 3344 1047 3382 rocca
1078 3333 1172 3397 ufingu

147 3416 289 3465 nsolcmniu
312 3418 439 3480 compus.''
474 3415 557 3463 Locus
581 3414 673 3476 legitur
694 3413 761 3478 apud
778 3427 946 3465 wuunnaau:
969 3412 1062 3466 Varios
1079 3416 1170 3468 Lectio·

144 3513 185 3545 nco
203 3499 229 3547 in
247 3514 352 3549 excursu
372 3502 403 3549 de
422 3500 529 3563 signific.
547 3513 601 3548 roc.
620 3495 730 3547 ariam.
750 3513 774 3561 p.
793 3496 887 3548 CLVI.
906 3500 960 3550 init.

180 3582 201 3650 ⁴)
219 3584 392 3636 D1ocsss1ns
410 3585 512 3635 XLIII.
532 3589 573 3633 45.

180 3664 200 3731 ⁵)
218 3669 270 3717 Dro
289 3681 392 3718 cnssms
410 3670 513 3720 XLIII.
533 3673 575 3718 ta.

180 3749 201 3816 6)
236 3754 304 3802 Vide
323 3768 346 3801 v.
364 3768 385 3802 c.
403 3755 465 3817 quid
482 3767 579 3804 menno
598 3760 708 3818 exponat
725 3752 756 3802 de
771 3750 878 3801 comitiis
892 3750 984 3801 habitIs
998 3767 1077 3817 quum
1090 3765 1172 3803 nosa-

146 3851 234 3886 nenss
261 3844 387 3887 crearetur
413 3839 499 3887 consul
527 3840 628 3890 iubente
654 3851 781 3889 cassans.
808 3837 876 3886 Phil.
904 3839 940 3886 II.
968 3843 1001 3887 33
1025 3838 1039 3903 §
1062 3842 1095 3887 82
1117 3854 1171 3905 sqq.

145 3919 184 3969 Cf.
203 3926 236 3969 32
255 3920 267 3985 §a
286 3926 333 3981 80,
350 3920 395 3984 qui
413 3920 482 3969 locus
500 3935 516 3970 a
532 3923 618 3973 multis
642 3922 817 3988 interpretibus
841 3928 951 3973 tentatus
969 3929 1014 3973 est.
1040 3921 1079 3974 ct
1097 3925 1172 3974 adm

146 4019 216 4055 nmo.
236 4022 275 4070 op.
294 4007 312 4056 l.
330 4022 354 4070 p.
374 4009 433 4054 391.
719 4008 721 4013 '

180 4088 276 4154 ⁷)1cv.
296 4092 349 4143 Sat
368 4090 402 4140 X.
426 4093 457 4141 ts
476 4105 529 4157 sqq.
