2910 4950
696 389 737 455 68

208 602 415 694 „tribunatus
448 621 575 687 quoqne
604 609 635 664 ct
664 594 828 664 aedilitatis
863 597 1011 684 petitione
1038 599 1238 666 consimilem

209 716 338 801 „compi
359 727 463 779 notam
484 722 641 800 expertus.
689 712 861 775 Praeturae
883 709 1067 776 candidatus
1085 735 1237 798 supremo

210 825 310 906 „loco
338 825 472 893 inhaesit
493 825 532 912 ¹).
586 827 632 889 Ex
655 822 711 888 illo
739 845 841 888 usuro
869 831 934 887 tarn
964 821 1077 887 humili
1106 825 1235 911 Arpini,

211 948 301 1020 „tam
320 937 452 1025 ignobili
474 940 611 1014 Romae,
646 946 774 1021 tamque
791 935 983 1023 fastidiendo
1001 937 1164 1002 candidato
1182 937 1237 1002 ille

210 1071 354 1130 „usurus
389 1047 506 1113 erasit'
533 1058 603 1114 cett.
647 1046 817 1129 Quomodo
841 1069 959 1111 usurus
982 1046 1106 1112 duabus
1128 1048 1238 1114 aedili·

211 1158 327 1224 tatibus
359 1159 504 1245 repulsus
542 1160 581 1224 sit
615 1169 724 1223 narrat
757 1180 961 1223 rnursncuus
985 1157 1033 1245 ²),
1069 1161 1124 1245 qui
1152 1170 1238 1246 post·

213 1293 309 1357 quam
340 1271 484 1356 exposuit
506 1271 545 1337 de
567 1270 746 1335 discrimine
769 1271 853 1335 intcr
879 1268 1066 1334 aedilitatem
1091 1270 1237 1335 curulem

214 1394 245 1447 et
267 1382 441 1468 plebeiam,
465 1380 566 1467 doque
590 1381 742 1447 aedilibus
765 1380 927 1446 curulibus
946 1390 1018 1445 ante
1038 1379 1152 1446 aediles
1170 1381 1238 1467 ple-

212 1493 298 1560 beios
315 1493 457 1560 creandis
471 1494 515 1558 sic
528 1492 594 1558 fere
606 1494 722 1581 pergit:
743 1514 844 1579 quum
862 1515 980 1557 usurus
997 1491 1188 1579 intelligeret
1197 1517 1239 1567 ‚sc

215 1605 376 1691 repulsam
399 1604 540 1669 laturum
571 1605 604 1667 in
630 1602 795 1669 aedilitatis
818 1603 939 1668 curulis
957 1603 1121 1689 petitione,
1151 1613 1239 1668 trau·

214 1715 265 1781 siit
287 1712 328 1778 ad
351 1712 539 1778 aedilitatem
565 1711 720 1799 plebeiam
739 1711 920 1799 petendam,
952 1713 1020 1792 ubi,
1052 1736 1152 1801 quum
1179 1712 1240 1779 hoc

214 1826 334 1893 factum
368 1824 527 1890 insolitum
557 1834 589 1888 et
619 1824 723 1889 audax
749 1824 920 1890 haberetur
945 1824 1052 1890 itidem
1079 1824 1240 1912 repulsam

217 1938 292 2004 tulit
308 1936 348 2025 ⁸).

258 2053 306 2114 Eu
328 2050 398 2115 loco
422 2072 493 2115 vsu.
519 2071 596 2114 unx.
621 2047 750 2114 laudato
772 2059 903 2136 apparet
926 2071 1053 2113 unsrun
1072 2046 1167 2113 fuisse
1185 2047 1239 2113 ab·

215 2161 365 2229 solutum.
413 2159 497 2242 Quid
528 2182 655 2225 caussae
682 2159 777 2225 fuerit
806 2161 1011 2226 accusationis
1034 2160 1140 2226 scribit
1162 2185 1240 2225 rnu-

213 2295 360 2338 ‘rnnouus
380 2272 401 2338 l.
417 2271 438 2337 l.
463 2294 572 2337 servus
599 2273 682 2335 enim
713 2293 900 2350 saracems,
932 2294 1027 2337 nanu
1056 2274 1239 2351 necessarii,

217 2386 302 2450 visus
330 2394 399 2449 erat
428 2384 512 2455 ἐντὸς
537 2388 597 2448 τῶν
624 2383 825 2466 δρυφράκτων
847 2385 873 2470 ⁴)
899 2383 919 2449 i.
939 2406 969 2448 e.
995 2384 1077 2448 iutra
1101 2384 1241 2448 circum-

217 2497 425 2582 saeptionem,
450 2495 539 2572 ovile,
564 2493 649 2580 quod
667 2493 796 2575 dicitur,
820 2485 965 2581 interque
983 2518 1037 2560 eos
1055 2496 1165 2583 igitur,
1187 2497 1243 2581 qui

218 2604 545 2692 suffragia'ferebant.
592 2605 664 2686 Qua
690 2605 730 2672 de
756 2629 791 2672 re
814 2629 934 2673 serraco
957 2609 1169 2695 interrogatus
1192 2630 1242 2673 re·

217 2716 344 2804 spondit
380 2739 413 2782 se
454 2717 567 2795 sitisse,
608 2716 819 2806 frigidamque
852 2719 1041 2808 postulasse,
1080 2742 1177 2807 quam
1214 2710 1277 2785 ei'

218 2852 327 2896 servus
350 2826 485 2908 dederit,
511 2831 565 2914 qui
589 2840 695 2895 tamen
718 2832 823 2896 statim
846 2832 1036 2899 discesserat.
1083 2831 1133 2897 0b
1156 2832 1244 2918 quod

217 2940 431 3007 testimonium
461 2963 582 3008 suesco
610 2952 655 3008 est
683 2944 802 3010 Senatu
824 2956 929 3013 motus
951 2968 970 3014 a
992 2945 1143 3033 proximis
1165 2968 1243 3012 con-

218 3053 349 3120 soribus.

254 3322 273 3389 ¹)
293 3323 376 3384 Quam
398 3325 531 3376 honestum
555 3332 619 3377 esset
638 3327 734 3391 primus
750 3328 793 3378 rel
809 3330 875 3378 inter
891 3328 985 3392 primos
1001 3326 1081 3376 meari
1097 3326 1195 3390 saepius
1212 3329 1246 3378 le·

220 3412 287 3471 gitur
313 3410 380 3473 apud
406 3424 569 3473 moruorum
596 3427 621 3477 p.
648 3412 758 3463 Murena
780 3414 885 3478 passim,
908 3428 932 3477 p.
951 3411 1016 3462 Soet
1038 3417 1053 3461 3
1073 3413 1127 3475 ξε.
1148 3413 1174 3461 in
1193 3413 1245 3463 Pis.

223 3500 245 3542 l.
265 3495 279 3556 ξ
298 3498 321 3542 2.

254 3575 276 3644 ²)
293 3579 374 3627 Pnur.
393 3579 459 3628 Mar.
479 3584 502 3629 5.

255 3660 276 3729 ⁵)
294 3663 470 3712 Prmnacuus
494 3662 511 3711 l.
530 3662 547 3712 1.
572 3671 685 3714 accurate
709 3664 784 3714 refert
801 3666 862 3730 quid
879 3680 956 3715 naun
973 3674 1085 3732 tempora
1102 3666 1178 3715 moris
1196 3666 1247 3716 tue-

219 3749 260 3799 rit.
295 3748 495 3812 Nonnumquam
519 3747 594 3797 etiam
617 3749 702 3797 evcnit
725 3764 769 3812 per
786 3750 933 3801 dilationem
949 3753 1108 3801 comitiorum
1124 3750 1247 3800 aedilibus

222 3833 302 3883 euml.
321 3832 447 3892 creandis,
470 3844 520 3881 erc.
538 3831 571 3880 ad
587 3832 659 3881 Fam.
678 3834 755 3883 VIII.
774 3840 798 3883 4.
819 3836 833 3897 §
851 3840 875 3884 3.
911 3835 950 3886 Cf.
973 3838 1078 3888 omnino
1100 3848 1249 3887 wormes

221 3919 291 3969 Prol.
317 3919 350 3968 ad
372 3918 460 3968 Plano.
484 3915 853 3970 LXXXIII—LXXXVIII.
882 3920 962 3971 Pron.
977 3923 1009 3972 ad
1026 3937 1115 3972 auc.
1135 3925 1194 3970 6³9.

255 4000 276 4069 ⁴)
294 4005 357 4053 Voc.
384 4009 494 4052 sumtum
521 4014 554 4050 ex
581 4001 678 4051 iudiciis
705 4012 730 4054 ct
755 4005 861 4056 comitiis
888 4008 984 4058 Athen.
1011 4007 1042 4057 cl.
1067 4019 1150 4057 amar.
1168 4008 1248 4070 Vesp.

220 4092 279 4137 356.
299 4092 357 4136 552.
