2910 4950
709 414 772 478 145

271 642 289 701 5,
300 622 351 686 Sic
379 630 416 685 tu
445 620 539 698 doce,
564 631 744 706 sequestrem
768 619 882 706 fuisse,
907 623 1052 706 torpitum
1074 646 1152 703 esse,
1176 650 1248 692 con-

225 779 245 812 ,‚
254 732 420 817 scripsisse,
440 733 563 798 tribules
580 733 758 798 decuriasse.
791 731 910 814 Quodsi
926 756 990 798 non
1007 735 1114 820 potes’'
1128 746 1199 803 cett.
1217 736 1243 826 ¹)

224 840 346 923 Quibus
373 843 553 929 praemissis
576 845 619 934 sic
649 845 753 932 pergit
779 855 904 910 orator:
934 847 1068 932 „itaque
1089 846 1245 913 haesitan·
1275 935 1282 945 .

222 961 312 1034 „tem
334 963 366 1018 te
388 954 420 1018 in
443 953 504 1020 hoc
523 955 744 1022 sodaliciorum
768 956 921 1022 tribuario
943 957 1073 1022 crimine
1096 957 1136 1023 ad
1159 982 1247 1025 com·

222 1087 380 1146 „munem
410 1065 545 1132 ambitus
573 1090 700 1133 causam
731 1068 889 1133 contulisti
919 1068 952 1132 in
976 1090 1039 1154 qua
1067 1068 1247 1136 desinamus

223 1172 420 1260 „aliquando
450 1176 475 1240 si
504 1176 629 1243 videtur
663 1177 789 1265 vulgari
818 1200 856 1243 ac
885 1188 1056 1265 pervagata
1083 1177 1245 1247 declama-

221 1334 241 1368 ‚,
249 1285 334 1350 tione
358 1278 568 1353 contendere'⁵
601 1289 621 1355 i.
640 1312 666 1354 e.
692 1311 791 1375 quum
815 1311 896 1373 quae
919 1291 1046 1374 proprie
1064 1289 1104 1355 ad
1126 1291 1245 1357 sodali-

221 1397 343 1462 ciorum
371 1398 490 1463 crimen
514 1400 671 1486 pertinent
700 1398 828 1477 docere,
857 1398 1072 1465 demonstrare
1096 1423 1159 1467 non
1183 1426 1243 1488 po-

221 1517 283 1586 tes,
308 1507 469 1574 videamus
488 1508 527 1573 de
546 1511 708 1575 communi
727 1510 848 1575 ambitu
865 1508 967 1592 „doce
982 1511 1013 1576 id
1034 1513 1118 1599 quod
1136 1513 1242 1595 debes,

221 1619 281 1697 ait,
314 1642 399 1705 „per
429 1642 523 1705 quem
554 1631 763 1707 sequestrem,
789 1645 857 1707 quo¹
875 1622 1008 1689 divisore
1032 1637 1183 1711 corrupta
1204 1628 1245 1692 sit

223 1729 335 1819 (tribus
355 1753 420 1796 una
436 1730 487 1796 vel
506 1732 632 1820 altera).
678 1734 782 1821 Igitur
800 1734 966 1799 decuriatio
988 1736 1155 1816 tribulium,
1172 1763 1243 1803 coa-

219 1844 342 1928 soriptio
375 1854 406 1908 et
428 1845 589 1930 descriptio
613 1846 722 1930 populi
755 1848 914 1932 pertinent
946 1845 986 1910 ad
1020 1847 1243 1916 sodaliciorum

218 1953 347 2020 crimen.
395 1955 484 2034 Quae
507 1954 613 2040 qualia
636 1956 697 2020 sint
719 1978 872 2020 uouusuu
892 1957 919 2036 2)
945 1956 1081 2042 explicat
1102 1969 1187 2024 recte
1206 1969 1244 2024 ut

216 2063 295 2130 mihi
323 2063 448 2129 ridetur
478 2067 712 2152 comparatione
747 2065 825 2154 legis
854 2065 980 2131 Clodiae
1014 2066 1053 2132 de
1083 2068 1241 2157 collegiis,

217 2174 408 2262 adducitque
430 2198 530 2241 unum
554 2175 754 2261 alterumque
772 2176 878 2241 locum
897 2201 937 2241 ex
956 2199 1130 2256 crcuuous,
1147 2202 1242 2245 nem-

217 2309 273 2373 pe:
304 2308 496 2369 „servorum
514 2288 540 2375 ³)
567 2287 706 2354 delectus
728 2288 902 2354 habebatur
925 2312 984 2375 pro
1007 2290 1157 2356 tribunali
1180 2315 1243 2357 uu-

216 2420 359 2480 „nuurm
382 2400 510 2464 nomine
529 2399 754 2487 collegiorum,
774 2422 847 2464 cum
864 2399 988 2464 vicatim
1007 2399 1150 2464 homines
1166 2424 1241 2467 con·
1300 2466 1301 2470 ,

217 2508 472 2590 ,‚scriberentur,
507 2509 761 2587 decuriarentur‚
786 2507 826 2574 ad
855 2511 936 2588 viru,
969 2507 1010 2572 ad
1039 2532 1169 2589 manus,
1202 2511 1242 2578 ad

216 2618 451 2706 „direpb'onem
480 2620 708 2687 incitarentur”
731 2621 772 2709 ⁴).
829 2619 890 2685 Illa
920 2620 1055 2709 collegia
1080 2623 1126 2711 ⁵),
1159 2624 1241 2711 quae

215 2750 361 2795 wourrus
383 2728 423 2793 ad
446 2728 467 2793 l.
492 2741 571 2795 orat
596 2753 626 2816 p.
647 2728 741 2794 domo
760 2728 893 2815 Anglice
915 2729 1004 2794 Clubs
1022 2742 1128 2809 vocat,
1149 2746 1241 2799 erant

141 2853 152 2869 ‘
216 2840 384 2904 constituta
406 2840 432 2904 si
450 2861 600 2904 cicurum
620 2838 742 2917 credas,
763 2842 806 2903 od
823 2823 906 2916 vim‚'
925 2843 968 2904 od
984 2866 1105 2921 monus,
1127 2846 1169 2909 ad
1187 2845 1241 2910 cii-

214 2952 397 3037 reptionem,
430 2948 514 3034 quod
538 2950 569 3014 in
597 2972 756 3014 rnuucruu
783 2950 895 3035 opinor
916 2973 981 3015 nou
1007 2951 1099 3018 cadit.
1145 2955 1239 3021 Atta-

215 3054 288 3128 men
317 3061 441 3127 nullam
465 3061 555 3127 video
578 3083 704 3126 causam
729 3083 787 3126 cur
813 3061 850 3125 iis
872 3084 936 3126 non
963 3084 1038 3126 usus
1063 3064 1103 3128 sit
1124 3064 1239 3152 uliquis

214 3173 389 3240 inhonore
414 3171 612 3259 adipiscendo
640 3170 724 3258 quod
748 3194 900 3238 uouusuu
923 3172 1025 3239 verbis
1048 3196 1112 3239 non
1136 3197 1238 3264 argu·
1289 3194 1293 3201 ·

213 3376 423 3386 ———-·--

247 3503 267 3572 ¹)
285 3505 340 3556 C1c.
358 3521 382 3570 p.
400 3506 488 3556 Plano.
511 3510 540 3555 19
559 3505 571 3570 1
590 3508 631 3554 47.

246 3586 267 3648 ²)
284 3585 432 3640 Mounesis.
450 3606 490 3655 op.
508 3590 525 3639 l.
544 3605 568 3654 p.
588 3592 628 3640 5⁷.

226 3669 265 3742 ⁴³)
283 3673 338 3724 Crc.
355 3689 380 3737 p.
398 3673 462 3725 Soet.
485 3678 513 3723 15
532 3673 601 3738 134.

245 3757 265 3815 ⁴)
283 3758 338 3809 Cic.
361 3773 385 3822 p.
409 3758 474 3808 Sest.
499 3763 530 3807 25
555 3759 569 3822 1
587 3763 629 3807 55.
651 3773 676 3822 p.
698 3758 776 3806 domo
801 3760 816 3804 5
840 3755 853 3819 1
879 3760 918 3805 13.
942 3770 966 3818 p.
990 3756 1042 3805 red.
1066 3757 1092 3806 iu
1113 3755 1174 3808 Seu.
1202 3762 1232 3809 13

210 3842 223 3906 1
240 3847 285 3901 33;
302 3826 418 3892 adhunc
434 3856 488 3892 rem
505 3843 581 3892 etiam
597 3842 723 3906 pertinere
740 3841 857 3889 videntur
874 3851 923 3899 erc,
942 3845 1003 3888 orat.
1022 3840 1048 3888 iu
1063 3839 1115 3888 Pis.
1133 3844 1147 3888 5
1163 3841 1176 3906 1
1195 3847 1234 3892 11.

212 3930 243 3975 10
261 3927 274 3990 1
293 3931 334 3975 sa.
352 3927 458 3991 aliaque.

243 4005 265 4077 ⁵)
281 4012 441 4063 uouemus.
459 4026 483 4075 p.
504 4016 554 4061 416
573 4025 625 4076 seq.
643 4011 716 4070 dicit,
736 4009 782 4059 illu
801 4008 908 4072 collegia
925 4021 978 4057 esse
995 4007 1174 4058 ditissimorum
1191 4011 1234 4061 ho·

208 4096 321 4156 minum,
338 4097 451 4146 maxima
466 4094 616 4153 pollentium
637 4095 797 4154 auctoritem
814 4095 882 4160 quod
899 4093 953 4144 siue
970 4093 1047 4144 dubio
1062 4093 1153 4144 fulsum
1171 4104 1216 4146 est.

1035 4185 1076 4249 10
