2910 4950
773 437 836 499 170

305 643 452 712 nonnulli
483 650 604 708 exstare
636 650 729 704 antea
758 638 963 722 videbantur,
992 645 1102 730 paullo
1129 649 1258 719 uberius
1279 655 1331 720 di-

305 758 440 826 cendum
474 755 542 820 erit.
590 753 738 834 Quaestio
772 753 856 818 enim
890 767 960 819 acta
989 770 1035 823 est
1064 758 1103 824 da
1133 783 1233 842 anno,
1266 791 1332 853 quo

304 894 378 937 reus
412 869 507 933 fuerit
541 889 678 930 nessani
709 864 747 929 de
777 864 914 945 ambitu,
947 869 998 933 rel
1029 873 1131 956 potius
1159 898 1222 961 quo
1245 901 1331 946 anno

303 983 454 1048 iudicium
467 979 505 1043 de
522 1002 559 1043 eo
571 978 712 1042 habitum
726 977 981 1045 fueritwrrznn.
999 981 1024 1066 ¹)
1040 994 1072 1048 et
1083 1008 1185 1053 narra.
1196 989 1222 1076 2)
1242 992 1329 1078 eogi-

303 1106 371 1162 tant
390 1093 429 1158 de
447 1115 545 1169 anno,
567 1113 630 1176 quo
650 1091 753 1175 ipsum
770 1091 969 1157 consulatum
990 1095 1071 1174 iniit,
1093 1097 1146 1162 sed
1166 1100 1331 1185 aliquanto

302 1205 415 1275 melius
444 1203 695 1269 demonstratum
719 1211 765 1266 est
788 1226 949 1268 uersuram
972 1204 1099 1273 demum
1126 1232 1253 1277 eausam
1276 1213 1329 1279 di-

302 1321 381 1386 xisse
415 1340 443 1383 a.
478 1339 510 1380 u.
543 1337 570 1380 c.
607 1316 685 1391 702,
722 1316 865 1399 quamtis
898 1340 939 1381 uo
968 1317 1028 1384 hoe
1058 1322 1185 1405 quidem
1215 1348 1328 1392 verum

301 1435 356 1510 sit,
380 1467 426 1478 -
450 1426 578 1493 consule
602 1448 759 1504 roureto,
785 1427 840 1512 qui
862 1437 938 1492 tune
957 1433 1104 1516 temporis
1123 1458 1192 1499 eam
1211 1460 1327 1505 noram

301 1546 405 1632 legem
424 1539 462 1604 de
481 1539 602 1603 ambitu
620 1537 737 1602 tulerat
752 1561 791 1603 ex
803 1561 867 1623 qua
879 1563 951 1605 reus
963 1541 1063 1608 factus
1075 1556 1122 1610 est
1134 1569 1281 1614 messura.
1298 1550 1325 1638 ⁸)

300 1655 382 1720 Dicit
393 1675 478 1717 uara.
487 1650 513 1738 ⁸)
524 1650 606 1714 hano
618 1651 831 1734 quaestionem
844 1674 909 1716 esse
921 1652 1086 1719 diremtum
1100 1656 1139 1721 ab
1150 1680 1288 1724 oraturo
1296 1659 1325 1748 ⁶)

301 1777 333 1832 et
359 1788 378 1830 a
409 1784 599 1841 naumurum
626 1761 653 1843 ο)
688 1784 746 1826 nee
770 1760 855 1827 addit
879 1774 984 1829 tamen
1007 1768 1078 1852 quis
1100 1770 1220 1854 primus
1243 1771 1327 1838 hane

300 1901 368 1943 rem
400 1886 483 1940 reete
513 1882 545 1937 et
574 1872 683 1938 ordine
706 1876 886 1958 exposuerit
908 1875 993 1962 quod
1016 1899 1129 1946 aaran.
1155 1882 1182 1967 7)
1208 1881 1327 1948 adseri·

298 1990 346 2056 bit
376 2010 491 2072 nempe
525 2009 556 2051 rr.
593 2008 625 2050 o.
661 2009 821 2050 urorum.
851 1986 878 2073 ⁸)
935 1989 1168 2056 Demonstravit
1200 1993 1254 2058 ille
1288 2019 1327 2061 ex

298 2105 376 2188 Epp.
407 2121 574 2165 ciceronis
604 2121 765 2163 massaria
795 2098 888 2162 luisse
918 2102 1050 2185 petitum
1077 2103 1210 2192 exlege
1234 2108 1326 2171 Pom·

298 2216 382 2302 pelo,
416 2215 514 2300 igitur
543 2235 606 2276 non
638 2221 807 2297 antequam
838 2211 1036 2278 consulatum
1064 2216 1133 2280 iniit
1162 2218 1216 2283 sed
1242 2229 1327 2304 post-

300 2348 395 2413 quam
427 2347 579 2390 rourerus
610 2347 679 2388 eam
711 2323 815 2410 legem
845 2322 919 2387 tulit
948 2326 1111 2394 consula.
1137 2352 1169 2394 ιι.
1195 2352 1221 2396 e.
1249 2333 1323 2397 702.

299 2461 327 2504 a.
359 2441 391 2504 C.
424 2438 477 2502 50.
509 2434 559 2499 vel
592 2437 654 2499 703
679 2458 706 2499 a.
732 2437 764 2499 C.
791 2437 831 2497 51
858 2457 938 2519 quao
962 2448 994 2501 et
1016 2441 1133 2524 optime
1156 2441 1325 2511 cohaerent

298 2572 372 2614 euru
406 2551 483 2633 Epp.
522 2569 629 2611 corun
663 2546 702 2611 ad
733 2569 915 2612 crcraornu
946 2571 1046 2633 quum
1076 2551 1127 2617 hie
1156 2554 1188 2617 in
1217 2554 1324 2621 Cilicia

297 2659 475 2748 degebam)
502 2661 621 2726 Cranno
633 2660 772 2724 Ciliciam
787 2682 844 2747 pro
860 2661 989 2725 consulo
1003 2661 1113 2728 habuit
1127 2666 1323 2751 provinciam

296 2797 325 2840 a.
340 2797 371 2839 u.
385 2798 412 2839 e.
427 2773 501 2839 703.
527 2796 555 2839 a.
572 2775 604 2839 C.
620 2773 673 2840 51.
697 2783 729 2839 et
752 2775 797 2838 sie
819 2772 913 2859 plano
937 2772 1014 2838 haee
1037 2779 1230 2842 conveniunt
1248 2802 1323 2844 curn

295 2886 349 2965 iis,
375 2907 456 2971 quae
476 2884 629 2973 leguntur
647 2884 731 2971 apud
751 2907 951 2950 arcanorum:
981 2886 1090 2974 [verba
1108 2900 1182 2954 sunt
1199 2891 1320 2980 cornu]

295 3020 520 3082 „noareasruu
533 3000 670 3064 maxime
682 2997 826 3083 probavi,
844 3021 903 3084 pro
915 3022 1051 3064 russina
1064 2999 1234 3082 dicentem,
1248 3026 1322 3069 eum

938 3090 948 3128 ι

328 3302 347 3363 ¹)
365 3305 460 3353 Borea.
479 3305 511 3353 ud
528 3317 578 3353 erc.
597 3309 658 3352 orat.
677 3302 767 3366 fragm.
786 3319 809 3366 p.
827 3309 886 3353 228ss

327 3384 347 3453 2)
365 3391 492 3439 Warzun.
511 3390 543 3438 od
558 3402 606 3437 ere.
625 3391 697 3437 Brut.
718 3392 749 3437 96
770 3390 784 3451 §
803 3393 862 3437 328.

326 3467 346 3534 ⁸]
365 3472 493 3532 Quoniam
519 3488 579 3523 vero
605 3473 708 3521 historia
731 3485 869 3521 mutatura
897 3473 992 3522 eteius
1016 3473 1124 3523 ambitus
1143 3474 1234 3538 ingone
1253 3485 1321 3528 arcte

291 3557 409 3607 oohaeret
426 3574 484 3607 eum
502 3567 641 3608 ceterorum
659 3559 849 3607 candidatorum
868 3557 974 3615 iudiciis,
991 3556 1040 3606 lmo
1058 3559 1123 3608 hunc
1139 3562 1320 3612 ammineo·

290 3642 395 3691 rondam
413 3643 506 3705 putavi.

325 3721 345 3789 ⁴)
363 3725 439 3774 Ram.
459 3741 498 3788 op.
518 3725 535 3773 l.
554 3740 577 3788 p.
599 3726 656 3774 tae.
676 3741 700 3774 n.
713 3724 747 3788 (Ἴ

1220 3350 1240 3381 6

324 3805 344 3874 ⁵)
363 3808 464 3860 Ourna.
484 3807 576 3859 Onom.
593 3809 662 3857 Tull.
681 3823 735 3858 roe.
753 3822 882 3860 annueres
901 3823 1030 3861 uaesana.

323 3890 344 3947 Gl
361 3893 488 3943 Durum.
507 3894 557 3942 ΠΙ.
577 3909 600 3956 p.
620 3897 642 3941 7.

322 3976 344 4044 7)
362 3977 463 4029 Ounno.
483 3977 500 4025 l.
511 3978 527 4025 l.

322 4062 343 4126 ²¹)
361 4078 388 4112 u.
398 4078 423 4113 o.
433 4076 561 4112 rrneuau
576 4062 633 4110 diss.
643 4063 675 4111 do
685 4063 759 4112 rebus
775 4064 887 4116 iudicatis
898 4080 950 4116 non
959 4066 1136 4118 rescindendis.
1152 4082 1177 4131 p.
1187 4068 1317 4119 95-105.

322 4147 343 4211 9)
361 4148 416 4201 Cre.
436 4150 482 4212 Ep.
502 4149 533 4198 ad
551 4146 624 4198 Fam.
642 4148 660 4197 l.
679 4148 755 4198 vni.
