2910 4950
713 413 754 478 55

218 620 352 686 instituti
364 620 705 701 videnturQuaestores
717 618 889 705 parricidii,
902 611 941 685 de
953 619 1067 706 quibus
1078 641 1187 685 ruerus
1197 617 1222 707 1)
1233 642 1240 682 :

220 732 395 820 „parricidi
416 742 597 819 quaestores
618 730 876 818 appellabantur,
900 733 956 818 qui
977 730 1120 797 solebant
1141 731 1243 797 creari

219 867 355 927 „rerum
389 843 571 931 capitalium
605 843 897 931 quaerendarum'’;
928 845 981 911 cui
1010 842 1171 909 addendus
1193 851 1241 908 est

218 956 302 1023 idem
318 979 497 1022 censorius
514 956 558 1045 ι)ε
583 1006 602 1038 „
612 967 643 1022 et
665 957 741 1045 quia
762 967 799 1021 ut
817 956 953 1023 diximus
979 955 1019 1022 de
1046 956 1147 1042 capite
1166 954 1241 1020 civia

219 1070 383 1151 „Romani
404 1069 524 1134 iniussu
545 1067 655 1156 populi
678 1091 742 1133 uon
766 1078 834 1133 eret
855 1067 927 1156 lege
950 1068 1136 1154 permissum
1160 1089 1240 1132 con-

219 1180 368 1263 „sulibue
389 1181 438 1246 ius
460 1180 580 1260 dicere,
609 1190 776 1267 propterea
798 1181 986 1262 Quaestores
1008 1178 1241 1245 constitueban-

218 1303 297 1374 „tur
316 1314 335 1357 a
357 1292 491 1380 popule,
516 1293 571 1378 qui
593 1290 778 1377 capitalibus
799 1290 894 1356 rebus
913 1300 1108 1376 praeessent3
1133 1289 1165 1354 hi
1184 1311 1239 1376 ap·

218 1403 445 1491 „pellabantur
466 1404 656 1486 Quaestores
677 1402 849 1488 parricidii,
881 1424 1021 1489 quorum
1050 1402 1146 1468 etiam
1169 1424 1240 1466 me·

218 1516 339 1597 „minit
362 1515 414 1579 lex
436 1538 484 1580 ru
507 1513 711 1581 tabularum''
733 1513 774 1602 ⁸).
828 1517 876 1580 Ex
897 1514 958 1581 hoc
979 1515 1077 1602 igitur
1099 1524 1240 1601 tempore

216 1627 324 1692 omnia
341 1626 397 1692 illa
418 1625 534 1692 iudicia
556 1627 625 1692 iure
644 1626 758 1693 dixeris
780 1625 1044 1706 extraordinaria,
1068 1627 1133 1693 sive
1156 1627 1237 1692 Con·

215 1736 283 1817 sul,
314 1739 379 1803 sive
401 1739 548 1817 Praetor,
579 1738 643 1804 sive
666 1739 805 1804 Dictator
828 1739 948 1805 aliusve
971 1739 1119 1826 quilibet,
1150 1739 1237 1804 iussu

217 1851 327 1937 populi
350 1851 386 1914 iis
408 1849 595 1935 praefuerit3
627 1873 701 1915 nam
725 1851 751 1916 si
770 1850 920 1917 delictum
943 1851 1073 1937 aliquod
1091 1851 1238 1917 commis·

204 1985 287 2028 sum
313 1972 392 2027 esset
418 1984 503 2026 nova
529 1960 600 2049 lege
629 1972 698 2027 erat
719 1986 808 2049 opus.
854 1965 927 2044 Qua
952 1965 985 2028 in
1012 1987 1047 2028 re
1072 1965 1116 2029 sic
1138 1963 1238 2050 egisse

214 2073 363 2139 videntur
384 2073 533 2151 Romani,
563 2084 600 2138 ut
620 2073 765 2158 exemplo
788 2073 933 2139 indicabo
954 2074 1133 2160 posterioris
1154 2085 1238 2138 tern-

214 2185 315 2271 poris,
334 2206 448 2269 nempe
467 2204 576 2248 cnonu
591 2182 636 2272 ⁴),
661 2182 811 2270 quoniam
827 2183 936 2251 nullus
947 2183 1070 2263 dubito,
1089 2186 1167 2272 quin
1179 2184 1239 2250 hac

213 2295 246 2360 in
269 2317 304 2359 re
326 2294 372 2359 nil
395 2295 530 2360 Romani
553 2294 755 2360 mutaverint.

257 2406 367 2488 Quum
397 2427 531 2471 cronius
561 2427 650 2471 sacra
679 2405 828 2492 polluisse
858 2403 1016 2471 diceretur
1047 2404 1138 2471 nulla
1167 2415 1236 2470 erat

213 2518 353 2604 quaestio
374 2527 527 2604 perpetua
545 2517 565 2584 i.
585 2541 612 2584 e.
637 2518 815 2597 ordinario,
846 2540 906 2583 nec
929 2516 997 2584 ulla
1019 2516 1071 2583 lex
1093 2516 1235 2605 specialis

212 2652 253 2695 ex
283 2653 347 2717 qua
377 2640 547 2696 teneretur.
597 2631 641 2695 Ea
669 2652 720 2695 res
749 2652 850 2717 quum
878 2628 919 2694 ed
948 2650 1038 2695 sacra
1065 2632 1237 2716 pertineret

212 2741 320 2806 Patres
342 2741 525 2825 conscripti,
550 2741 630 2805 sicut
647 2741 681 2805 in
703 2739 759 2805 tali
780 2763 816 2805 re
839 2740 1002 2826 oportebat
1015 2741 1063 2830 ⁵),
1087 2738 1128 2805 ad
1150 2742 1233 2805 Pon·

210 2851 307 2918 tifices
340 2850 541 2916 referendum
575 2849 801 2928 decreverunt,
832 2872 851 2915 a
878 2851 992 2937 quibus
1020 2874 1119 2937 quum
1145 2851 1233 2917 nefas

209 2962 292 3029 illud
314 2961 437 3027 facinus
458 2971 538 3026 esset
558 2959 737 3041 decretum,
769 2960 914 3027 consules
936 2984 975 3027 ex
998 2962 1071 3028 Scto
1093 2965 1231 3052 rogatio·

210 3098 284 3141 uem
307 3072 555 3160 promulgarunt
573 3073 615 3162 θ).

253 3188 301 3250 Ex
327 3187 402 3250 Scto
424 3184 541 3250 tribuni
564 3183 607 3272 pl.
631 3183 822 3251 iubebantur
847 3207 943 3272 quam
970 3184 1110 3273 primunr
1133 3183 1172 3251 de
1194 3207 1232 3252 ea

209 3319 245 3364 re
266 3295 307 3362 ad
329 3295 484 3383 populum
508 3295 601 3364 ferre.
637 3297 769 3362 Comitia
791 3296 909 3363 tributa
927 3297 1139 3379 habebantur,
1161 3299 1233 3385 qui-

210 3408 269 3483 bus
295 3410 459 3497 negotium
488 3409 618 3475 Senatui
647 3408 792 3477 mandari
820 3408 956 3492 solebat,
991 3413 1124 3479 Senatus
1155 3421 1232 3478 tunc

241 3669 261 3739 1)
278 3671 356 3722 Fran
373 3689 427 3726 voc
446 3675 563 3739 parricidi
580 3674 749 3743 (quaestores.)
767 3693 792 3744 p.
808 3683 867 3729 221.
885 3678 932 3729 Ed.
950 3683 1075 3730 umam.

240 3751 260 3822 1)
278 3756 365 3807 Ponr.
383 3757 401 3807 i.
418 3759 436 3808 l.
456 3760 470 3822 §
490 3765 530 3810 23.

240 3836 261 3904 ὅ)
278 3838 318 3891 cl.
333 3854 405 3891 eura.
422 3857 462 3906 op.
478 3843 496 3892 l.
511 3859 535 3908 p.
555 3849 589 3896 50
604 3861 657 3911 sqq.

240 3922 261 3990 ⁴)
278 3924 345 3977 Vide
361 3938 453 3977 moon.
471 3942 496 3992 p.
513 3942 608 3979 ouant.
627 3935 668 3981 53.

241 4004 261 4073 ⁵)
277 4008 333 4061 Cro.
351 4010 383 4060 (le
399 4011 509 4076 Harurp.
527 4013 601 4079 Resp.
619 4029 641 4066 c.
660 4017 675 4065 6
693 4029 730 4080 sq.

241 4090 262 4159 ⁵)
278 4093 333 4148 cic.
351 4095 384 4146 aa
401 4095 457 4148 Aa.
472 4096 494 4149 1.
517 4102 555 4148 1³.
