2910 4950
692 415 756 480 107

211 624 367 694 tiliuariae
381 622 421 712 ¹).
467 621 578 688 Consti
596 631 672 688 sunt
689 619 833 712 postea2)
855 620 909 687 alii
932 642 1089 686 crosnoun
1111 621 1240 688 consule

209 759 330 806 sunssu
371 746 404 800 et
443 755 640 812 nonousruu
681 755 783 819 poena
823 732 978 813 liberare,
1021 733 1075 800 sed
1113 734 1239 802 frustra.

210 853 367 918 Fecerunt
388 846 421 912 id
444 857 484 913 tr.
509 846 552 933 pl.
572 847 757 934 praesertim
778 869 806 912 ι..
828 868 990 912 ornemus
1009 847 1107 912 frater
1125 871 1242 913 sununs

211 964 275 1034 sive
301 962 445 1027 uterinus
471 961 535 1026 sive
567 958 749 1046 adoptivus,
780 979 844 1044 qua
871 959 942 1048 lege
964 983 1029 1025 non
1053 960 1165 1026 tollere
1188 960 1242 1026 sed

211 1074 319 1143 levate
341 1095 456 1138 sununs
478 1095 611 1158 poenam
635 1071 797 1150 volebant,
822 1072 866 1137 ita
888 1083 926 1136 ut
943 1073 1059 1137 iterum
1082 1074 1112 1138 ei
1134 1072 1243 1162 liceret

212 1186 435 1274 magistratum
458 1206 570 1270 capere
594 1194 627 1250 et
647 1195 773 1250 senator
795 1183 863 1248 fieri
884 1184 930 1271 8);
956 1185 969 1247 ὁ
1001 1187 1032 1251 δὲ
1064 1187 1107 1266 τῷ
1132 1186 1240 1267 ssatus

210 1299 264 1366 καὶ
291 1301 335 1379 τῷ
365 1297 512 1378 Πουπλίῳ
541 1298 594 1363 καὶ
626 1298 669 1378 τῷ
695 1297 809 1380 Σύλλᾳ
834 1289 877 1376 τῷ
903 1297 1056 1378 Κορνηλίῳ
1075 1333 1121 1350 —-
1140 1297 1177 1363 τό
1205 1322 1241 1364 τε

210 1411 374 1490 βουλεύειν
406 1410 459 1475 καὶ
492 1409 527 1473 τὸ
557 1405 668 1490 ἄρχειν
702 1407 817 1486 ἐξεῖναι
844 1408 940 1474 ἐδίδου
962 1408 1009 1497 4),
1042 1432 1124 1495 quae
1146 1409 1243 1477 verba

213 1523 332 1608 optime
354 1519 524 1587 cohaerent
546 1543 620 1586 cum
644 1541 745 1607 poena
767 1542 807 1585 ex
830 1518 901 1608 lege
924 1520 1095 1608 Calpurnia
1118 1544 1242 1588 memo·

211 1641 281 1697 rata
306 1609 352 1720 ⁵).
394 1629 660 1696 Necessitudinem
684 1653 853 1697 ιιιιιιιιιιι
875 1631 958 1696 inter
988 1640 1020 1696 et
1038 1654 1159 1698 ειιιιιιι
1182 1654 1241 1697 ex-

216 1744 320 1832 posuit
347 1766 481 1809 uunnsn
497 1742 540 1831 θ).

691 1877 706 1959 §
731 1875 763 1943 5.

599 2014 667 2103 Les
693 2017 796 2082 tallia
815 2017 857 2106 ⁷).

258 2193 324 2257 Lex
345 2188 516 2277 Calpurnia
536 2188 603 2254 visa
625 2197 694 2253 erat
722 2186 885 2253 nonnullis
910 2187 1049 2253 severior
1069 2186 1187 2254 idcirco
1209 2191 1242 2256 in

214 2304 333 2370 Senatu
356 2311 462 2368 actum
486 2310 532 2368 est
555 2311 591 2366 ut
614 2300 643 2365 ei
666 2300 729 2388 legi
751 2299 976 2388 derogaretur,
1005 2299 1131 2366 biennio
1153 2312 1242 2389 post-

215 2437 310 2502 quam
338 2413 402 2480 late
432 2423 510 2480 erat.
561 2413 683 2479 Crcsno
714 2413 799 2478 enim
822 2435 986 2479 recensens
1016 2414 1103 2478 veria
1125 2437 1244 2502 genera

213 2527 248 2594 in
270 2526 384 2615 quibus
406 2549 465 2616 per
486 2527 638 2591 Senatum
661 2547 750 2592 more
768 2525 926 2591 maiorum
945 2525 1065 2612 aliquid
1086 2535 1244 2594 statuatur

248 2778 271 2846 1)
286 2780 355 2830 vide
371 2791 527 2828 nannenus
544 2777 577 2826 ad
594 2778 612 2826 l.
630 2777 662 2831 de
679 2775 738 2827 Fin.
755 2776 793 2826 Π.
814 2780 845 2824 19
863 2777 877 2840 5
895 2780 937 2826 62.
956 2776 984 2828 iu
1002 2784 1063 2828 notu
1078 2793 1103 2842 p.
1126 2783 1184 2829 252.
1206 2781 1243 2844 [at
1334 2844 1337 2849 ,

214 2876 264 2914 cxc.
282 2879 307 2928 p.
326 2863 400 2914 Sulla
418 2867 433 2910 5
454 2864 469 2924 5
489 2861 543 2923 la]

248 2945 269 3013 1)
288 2948 346 3012 [Sic
370 2948 421 2996 ium
447 2945 533 3010 paullo
559 2950 614 3008 post
640 2942 829 2994 damnationum
855 2942 939 2993 consti
962 2951 1033 2994 erant
1052 2945 1242 3010 Rempublicarn

211 3040 338 3091 avertem
366 3032 436 3082 cuius
462 3029 642 3080 coniurationis
668 3028 695 3077 in
722 3027 889 3090 suspicionem
912 3027 988 3076 eriam
1011 3040 1113 3080 canen
1132 3040 1243 3082 renuat.

213 3132 286 3170 cusu.
304 3116 375 3167 Caes.
396 3118 419 3164 2.
437 3113 495 3164 coll.
513 3127 588 3163 sunu.
607 3111 674 3162 Bell.
692 3110 747 3163 Cat.
769 3111 822 3174 le]

248 3200 269 3267 ὃ)
286 3203 346 3252 Nou
370 3207 407 3250 est
430 3199 478 3248 hoc
496 3206 582 3248 tumen
599 3197 635 3247 ita
652 3196 827 3261 accipiendum
844 3211 873 3245 sc
891 3197 913 3247 si
927 3209 1065 3248 crunnus
1082 3213 1175 3251 novam
1192 3215 1243 3252 um·

214 3287 280 3338 bitus
303 3287 387 3350 legem
410 3283 497 3333 tulerit
514 3289 542 3332 ut
559 3295 692 3331 nascono
710 3285 743 3344 (p.
763 3280 807 3344 41)
823 3281 930 3331 videtur.
954 3280 985 3332 cf.
1004 3295 1053 3332 cuc.
1072 3298 1095 3346 p.
1114 3283 1203 3345 suu,
1220 3301 1242 3336 c.

216 3376 257 3422 22.
276 3377 319 3421 23.
354 3371 517 3420 Mnscovruss
532 3374 561 3416 ut
578 3367 678 3430 saepius
697 3365 808 3431 sequitur
825 3377 979 3417 noucnsun.
996 3381 1029 3432 op
1047 3367 1065 3416 l.
1084 3372 1143 3417 415.

248 3452 467 3515 ⁴)D10csss1ns.
486 3450 632 3500 XXXVII.
652 3455 694 3500 25.

249 3534 270 3603 ⁶)
288 3538 340 3588 Duo
353 3548 464 3587 oscarus.
477 3533 609 3584 XXXVI.
625 3538 668 3583 21.
683 3533 740 3585 Csc.
752 3549 777 3599 n
792 3533 857 3586 Sull.
873 3539 915 3584 22.
930 3535 1063 3598 §sa-67.
1081 3534 1198 3590 Duum
1209 3540 1242 3591 V.

216 3638 241 3687 p.
259 3626 318 3673 ιιι.
345 3622 382 3670 11.
400 3636 425 3684 p.
445 3624 503 3669 515.

249 3705 271 3771 6)
288 3707 416 3757 Duum.
433 3705 470 3754 ΙΙ.
491 3707 549 3753 523.
569 3717 594 3752 n.
614 3704 656 3753 87.

249 3788 271 3856 7)
289 3790 357 3840 Vide
380 3788 413 3838 sd
435 3788 502 3838 hanc
526 3785 621 3849 legem:
644 3797 781 3846 nuum„
807 3782 899 3836 Gesch.
926 3785 1004 3836 Rome
1022 3787 1057 3837 V.
1075 3802 1100 3852 p.
1119 3791 1169 3837 445
1187 3800 1243 3852 sqq.

215 3873 339 3933 Peuciors
359 3888 436 3938 quam
458 3872 513 3921 iure
537 3870 823 3933 expectaresteguntur
853 3871 920 3934 apud
942 3884 1105 3921 mnemon.
1140 3872 1198 3922 Lite
1217 3871 1248 3922 of

217 3960 433 4023 ac1.p.154‚
455 3959 518 4017 171,
539 3960 597 4016 19¹1.
632 3956 727 4006 Melius
751 3962 833 4020 partas
855 3969 912 4005 suus
930 3955 982 4018 egit
998 3961 1141 4007 nutemus
1158 3959 1185 4008 in
1203 3973 1243 4022 ομ

216 4044 306 4096 Lebon
327 4044 372 4094 des
393 4058 423 4094 u.
436 4055 545 4094 suenrus
561 4053 669 4101 monuo,
687 4041 758 4090 cuius
775 4054 832 4104 pars
848 4040 931 4104 prior,
947 4039 993 4089 dus
1009 4041 1175 4105 Burgsrlicho
1191 4042 1245 4093 und

217 4127 380 4180 Privutlebeu
395 4128 439 4180 des
451 4128 568 4178 crcnno's
582 4125 673 4190 prodiit
686 4123 822 4189 Gottingae
834 4128 906 4176 18⁶2.
925 4124 1025 4190 Vidcp.
1036 4129 1100 4189 222,
1110 4130 1173 4191 253,
1183 4131 1242 4179 265.
