2910 4950
770 413 833 479 100

296 627 466 701 „nostrum
489 618 591 684 adfuit
613 619 843 684 vnncnnrmo?
871 617 997 705 (nempe
1020 617 1050 682 in
1075 637 1170 681 causa
1188 615 1227 682 de
1244 625 1323 682 con·

295 731 476 812 „iuratione
512 731 705 820 Catilinaria)
740 752 851 809 nem0;
882 752 923 794 ne
953 728 1004 793 hic
1030 727 1158 814 quidem
1184 752 1213 805 Q.
1239 749 1323 792 non·

295 865 446 923 „rannus
476 844 677 929 praesertim,
707 843 763 928 qui
784 841 876 906 illum
899 839 1002 906 solum
1025 851 1117 904 antea
1140 840 1179 905 de
1201 839 1324 904 ambitu

295 950 540 1035 „defendisset”

340 1061 455 1126 Habita
475 1072 523 1127 est
543 1061 622 1128 haec
644 1064 746 1129 oratio
767 1085 825 1150 pro
847 1085 945 1129 sunm
964 1087 992 1128 r.
1017 1083 1146 1127 nunnus
1171 1070 1202 1126 et
1224 1083 1255 1126 n.
1280 1083 1324 1126 sr·
1413 1142 1425 1155 1

296 1192 379 1239 uano
402 1171 427 1262 ι)
453 1197 529 1240 coss.
575 1176 643 1239 Iam
667 1199 706 1240 ex
730 1175 799 1241 loco
821 1176 969 1241 orationis
990 1196 1049 1261 pro
1068 1195 1164 1238 sunm
1184 1171 1205 1237 l.
1226 1193 1324 1258 appa·

296 1295 346 1351 ret
379 1308 609 1352 vanuunrrrnu
643 1309 771 1353 causam
805 1287 917 1352 dixisse
946 1286 985 1352 de
1011 1285 1227 1351 coniuratione
1249 1293 1325 1348 ante

296 1420 432 1478 sunnam
469 1421 565 1464 nemo
595 1399 624 1463 ei
653 1399 771 1479 adfuit3
803 1422 844 1465 ne
872 1420 1064 1464 nonrnnsrus
1094 1395 1235 1482 quidem,
1268 1394 1327 1480 qui

298 1532 373 1575 eum
404 1508 579 1575 defenderit
607 1509 646 1574 de
676 1510 806 1576 ambitu.
854 1509 946 1575 Cadit
967 1511 1066 1598 igitur
1088 1530 1183 1574 causa
1206 1506 1262 1572 illa
1285 1506 1327 1572 de

299 1620 421 1685 ambitu
455 1624 528 1686 arite
561 1643 728 1686 cruruoms
764 1620 981 1700 consulatum,
1016 1622 1037 1687 i.
1058 1644 1086 1687 e.
1118 1629 1191 1685 ante
1219 1619 1326 1706 legem

298 1731 436 1797 Tulliam
459 1741 491 1798 et
512 1729 631 1798 temere
654 1732 757 1798 facere
778 1733 856 1797 mihi
874 1755 938 1798 non
955 1731 1064 1799 videor
1082 1733 1108 1798 si
1126 1753 1327 1798 vancunrmr

300 1867 431 1924 sunnin,
462 1867 632 1923 sunnonis,
665 1845 720 1930 qui
750 1867 858 1910 omnes
888 1844 1028 1910 eiusdem
1058 1845 1201 1910 factionis
1231 1842 1328 1908 fuisse

300 1956 464 2033 videntur,
488 1966 520 2021 et
542 1956 572 2023 h.
594 1956 615 2022 l.
641 1957 775 2021 invicem
798 1968 1037 2043 comparantur,
1062 1979 1171 2022 causas
1197 1954 1235 2020 de
1259 1977 1328 2020 am-

303 2068 371 2134 bitu
394 2066 503 2133 eodem
529 2066 594 2133 fere
617 2078 759 2154 tempore
782 2067 901 2133 habitas
923 2089 989 2133 esse
1010 2090 1131 2134 censeo·

344 2181 466 2246 Dicitur
495 2178 546 2244 hic
577 2203 605 2246 ι..
629 2201 867 2257 venenarium,
892 2179 974 2245 alter
999 2178 1093 2245 fuisse
1117 2201 1247 2257 eorum,
1272 2178 1329 2265 qui

301 2313 485 2358 arcanorum
507 2289 683 2356 interficere
706 2293 810 2356 conati
832 2291 902 2357 sint.
928 2289 957 2378 ²)

346 2405 388 2470 11.
425 2405 465 2486 Q.
489 2425 632 2468 carmus.
826 2492 829 2497 Ι

346 2514 493 2579 Ambitus
526 2537 599 2578 reus
629 2512 731 2579 factus
761 2537 780 2579 a
807 2538 840 2580 u.
872 2537 1013 2581 cimmo.
1061 2513 1230 2580 Permultis
1252 2513 1330 2579 locis

300 2626 396 2691 huius
424 2623 530 2689 iudicii
557 2625 676 2690 mentio
706 2624 760 2704 fit,
789 2624 842 2690 sed
870 2627 1042 2715 ambigitur
1072 2628 1155 2692 inter
1184 2638 1331 2691 auctores

301 2737 341 2804 de
359 2759 445 2802 anno
467 2759 532 2823 quo
554 2735 697 2802 habitum
720 2737 768 2804 sit.
816 2739 954 2803 Dauum
973 2739 1058 2803 enim
1076 2750 1167 2827 putat
1185 2761 1329 2803 animun

301 2870 430 2914 causam
453 2848 564 2913 dixisse
587 2871 615 2915 a.
640 2871 672 2915 u.
697 2871 724 2915 c.
752 2849 826 2916 688.
851 2873 880 2916 a.
904 2851 937 2916 C.
965 2851 1017 2917 66.
1041 2850 1067 2940 ³)
1116 2853 1261 2916 Ecuunnr
1281 2847 1328 2935 ⁴),

302 2983 405 3026 onam
430 2960 479 3049 ⁶),
503 2983 579 3025 num
605 2960 652 3048 ⁸),
676 2961 728 3026 alii
752 2983 780 3028 a.
806 2983 838 3028 u.
864 2986 890 3029 c.
918 2963 993 3029 690.
1018 2985 1037 3028 a
1060 2963 1092 3029 C.
1119 2963 1171 3027 64.

347 3073 444 3137 Cuius
474 3071 660 3137 discriminis
690 3094 784 3137 causa
809 3074 869 3138 alia
891 3098 956 3140 non
979 3098 1045 3140 esse
1067 3073 1206 3150 videtur,
1232 3094 1331 3157 quam

305 3183 390 3272 quod
412 3183 466 3247 ille
485 3184 636 3247 maiorem
655 3181 748 3248 fidem
766 3185 885 3251 tribuat
903 3187 954 3265 iis,
974 3207 1055 3273 quae
1075 3183 1227 3270 leguntur
1245 3182 1334 3268 apud

304 3296 344 3377 Q.
381 3293 511 3358 fratrem
545 3293 590 3381 in¹
613 3292 720 3360 libello
753 3294 792 3361 de
818 3298 967 3384 petitione
994 3293 1175 3361 consulatus
1200 3291 1244 3380 ⁷);
1275 3294 1333 3359 ubi

301 3554 304 3573 2
339 3514 359 3580 ¹)
377 3516 509 3575 Ducum,
533 3514 623 3566 Gesch.
648 3517 734 3569 Rome.
751 3520 790 3570 II.
811 3535 835 3584 p.
858 3523 917 3569 516.
936 3535 960 3569 n.
982 3520 1022 3569 77.
1066 3518 1157 3569 anac
1175 3519 1206 3568 de
1224 3533 1248 3577 Q.
1267 3531 1331 3568 uon·

304 3615 396 3652 ursano
414 3616 543 3652 aaaron.
561 3617 586 3666 1).
606 3607 647 3653 39.
668 3605 683 3667 ξ
704 3609 744 3654 20.

339 3683 360 3751 ²)
378 3688 441 3737 Suu.
460 3699 578 3737 cannam
595 3686 738 3748 Quaestum
754 3702 779 3751 p.
801 3692 857 3736 132.
876 3688 931 3736 init.

339 3768 359 3835 ⁵)
377 3771 509 3831 Dauum,
527 3770 618 3821 Gesch.
637 3771 722 3820 Rome.
740 3772 774 3819 V.
793 3786 817 3834 p.
837 3774 887 3819 ³74
906 3786 942 3835 sq.

339 3856 359 3925 ⁴)
377 3860 518 3917 Eurum,
536 3857 602 3907 Hist
622 3857 695 3921 Eloq.
710 3856 783 3905 Rom.
801 3870 826 3919 p.
844 3854 916 3906 CIX.

294 3968 297 3972 r
340 3941 359 4007 ⁶)
377 3944 432 3994 Cic.
451 3944 541 4005 fragm.
560 3948 578 3991 t.
597 3942 647 3990 IV.
664 3955 688 4003 1).
708 3943 767 3988 454.
786 3954 810 4003 1).
830 3945 871 3989 2²⁶
889 3941 927 3989 ed.
948 3953 1043 3992 carun.

341 4028 361 4087 ⁶)
380 4030 455 4078 Runa
475 4043 515 4091 ο1).
535 4028 552 4075 l.
572 4041 597 4089 p·
617 4026 676 4073 728·
694 4023 734 4072 1¹⁰·
754 4022 809 4087 (⁰)

339 4112 360 4179 71
378 4113 411 4176 Q.
429 4113 460 4161 fr.
479 4112 510 4160 de
529 4110 597 4174 petit.
615 4121 684 4158 eous.
702 4122 723 4157 c.
743 4112 768 4156 5.
