2910 4950
774 402 816 466 32

282 630 379 696 quam
401 628 579 686 marasan,
611 606 665 692 qui
693 605 732 672 de
759 605 926 672 consulatu
951 627 1103 672 ercanonr
1127 606 1307 676 mandando

280 718 325 785 aie
346 718 468 785 scribit:
494 740 556 800 „ea
578 739 629 782 rea
655 717 894 806 (coniurationis
915 717 1116 784 Catilinariae
1137 718 1301 809 iudicium)

278 830 456 917 „imprimis
474 828 577 895 studia
595 828 760 895 hominum
780 829 921 896 accendit
939 830 980 896 ad
999 830 1197 897 consulatum
1213 855 1305 897 man·

277 941 445 1024 „dandum
468 966 502 1009 u.
528 965 643 1007 rnnuro
667 962 827 1009 arcaaorr.
873 944 1016 1029 Namque
1039 953 1131 1008 antea
1153 943 1305 1031 pleraque

277 1102 297 1136 „
306 1053 452 1119 nobilitas
474 1053 591 1118 invidia
613 1053 791 1132 aestuabat,
817 1063 849 1119 et
870 1055 961 1140 quasi
980 1053 1081 1140 pollui
1104 1053 1303 1140 consulatum

276 1163 491 1247 „credebant‚
526 1165 551 1229 si
592 1186 665 1230 eum
700 1165 843 1250 quamvis
884 1165 1032 1253 egregins
1068 1163 1165 1229 bomo
1203 1187 1305 1231 novus

277 1275 437 1363 „adeptus
459 1274 562 1341 foret‘’
589 1274 629 1363 ¹).
683 1278 763 1340 Cum
791 1298 856 1362 quo
882 1274 953 1341 loco
978 1275 1098 1341 utiliter
1127 1276 1304 1363 comparari

277 1397 379 1474 potest
412 1386 518 1452 audax
550 1409 721 1452 canrnrnan
762 1387 881 1452 dictum
916 1388 949 1452 in
983 1389 1102 1452 Senatu
1136 1397 1304 1473 postquam

275 1498 384 1564 Cicero
425 1497 560 1583 primam
594 1496 682 1561 illam
722 1496 755 1561 in
797 1518 871 1561 eum
912 1495 1036 1561 dixerat
1075 1495 1301 1564 Catilinariam.

217 1606 223 1613 ’
278 1608 360 1673 llam
383 1629 548 1674 arcanorrs
572 1616 714 1694 tempora
737 1606 818 1672 illud
839 1605 923 1671 idem
950 1605 1109 1673 obtinebat
1131 1606 1216 1694 quod
1243 1630 1304 1673 ua·

276 1740 326 1785 nn
354 1728 456 1784 aetate
488 1718 716 1801 „consulatum
749 1717 894 1784 nobilitas
926 1719 1010 1784 inter
1039 1741 1072 1784 se
1103 1741 1160 1806 per
1190 1740 1304 1787 manus

275 1828 443 1912 „tradebat
462 1827 526 1918 ²).”

281 1988 285 1994 -
318 1942 406 2006 Raro
435 1940 535 2029 igitur
561 1937 722 2005 accidebat
750 1947 787 2003 ut
812 1937 955 2004 homines
980 1941 1055 2005 novi
1076 1938 1302 2008 adsummum

275 2038 477 2140 liervenirent
497 2051 651 2118 honorem
674 2073 805 2136 „neque
827 2051 912 2116 enim
934 2061 1012 2116 tunc
1034 2074 1137 2117 novus
1154 2061 1219 2119 tam
1238 2052 1304 2119 cla·

275 2186 355 2246 „rus
384 2184 488 2248 neque
514 2172 580 2228 tam
610 2164 758 2251 egregias
791 2160 893 2227 factus
926 2172 1010 2242 erat,
1047 2163 1124 2248 quin
1154 2162 1304 2250 indignus

276 2275 361 2360 „illo
379 2274 500 2340 honore
521 2271 692 2338 baberetur
713 2272 756 2361 ⁸),
782 2272 867 2360 quod
893 2275 987 2339 etiam
1011 2275 1083 2339 satis
1106 2272 1178 2338 inde
1206 2296 1303 2360 appa·

277 2397 345 2465 ret,
376 2385 462 2473 quod
485 2406 602 2450 cronno
627 2407 692 2450 nno
714 2384 878 2470 alteroque
905 2385 976 2451 loco
1000 2383 1157 2473 gloriatur
1179 2406 1212 2449 se
1235 2395 1306 2471 post

276 2498 411 2586 longum
436 2495 641 2562 intervallum
660 2497 798 2582 primum
813 2497 974 2562 hominem
997 2509 1133 2574 novum,
1154 2496 1306 2562 consula-

279 2618 351 2676 tum
373 2632 439 2674 esse
457 2608 625 2695 adeptum,
649 2632 750 2695 quum
772 2609 902 2696 insuper
923 2606 980 2693 qui
1001 2629 1041 2671 ex
1062 2605 1228 2673 hominum
1245 2631 1303 2674 no·

277 2743 393 2788 vorum
404 2742 541 2786 numero
561 2721 627 2786 sina
641 2720 768 2808 repulsa
784 2729 885 2787 essent
901 2717 990 2797 facti,
1011 2717 1173 2805 aliquanto
1188 2719 1302 2800 aerius,

224 2880 230 2889 -
267 2816 385 2920 'quam‘
409 2855 467 2918 per
496 2842 630 2899 aetatem
663 2842 696 2897 et
728 2832 814 2920 leges
847 2829 971 2911 liceret,
1007 2829 1178 2917 multisque
1212 2832 1302 2897 annis

275 2955 442 3033 postquam
465 2955 626 3031 praetores
648 2944 790 3021 fuissent,
813 2943 961 3030 petissent
975 2979 1021 2990 -—
1036 2940 1132 3028 idque
1147 2941 1300 3009 diuturno

273 3054 396 3134 labore,
421 3064 516 3140 atque
542 3053 650 3140 aliqua
672 3052 834 3119 occasione
858 3051 906 3139 ⁸),
928 3050 1014 3138 quod
1038 3051 1130 3119 nullo
1153 3053 1299 3140 exemplo

273 3165 466 3234 luculentius
487 3163 639 3230 illustrari
662 3186 751 3249 posse
770 3163 919 3241 arbitror,
944 3185 1041 3248 quam
1061 3184 1091 3228 o.
1109 3181 1225 3243 aan11,'
1244 3166 1301 3250 qui

273 3287 380 3365 postea
406 3278 515 3365 septies
542 3275 652 3344 consul
676 3274 744 3341 fuit.
791 3275 822 3339 Ia
848 3275 933 3339 enim
959 3285 996 3339 ut
1021 3273 1118 3341 tradit
1144 3299 1299 3343 tarmus

274 3413 416 3457 narnus
431 3388 458 3477 5)
483 3388 634 3480 patientia
654 3385 980 3475 repulsarummagis
997 3387 1031 3452 in
1053 3387 1192 3466 curiam,
1216 3388 1300 3454 irru-

308 3649 329 3720 ¹)
346 3652 426 3704 sna.
444 3651 512 3702 Bell.
530 3649 585 3703 Cat
605 3655 646 3701 2³.
683 3648 809 3714 [Quodsi
826 3651 889 3702 baec
906 3649 1009 3701 adeant
1025 3649 1058 3701 da
1074 3661 1208 3702 susurru
1222 3656 1305 3702 aetate

273 3743 343 3787 anto
354 3736 435 3800 maga
452 3736 483 3785 aa
500 3734 681 3799 mansoribus
698 3735 874 3800 temporibus]

308 3816 329 3887 ²)
347 3819 429 3871 Sara.
446 3819 513 3869 Bau.
531 3819 587 3881 Ing.
606 3821 647 3866 68.
916 3827 917 3830 ¹

308 3902 328 3970 ⁶)
346 3906 426 3957 Sana.
445 3904 462 3953 l.
481 3904 498 3952 l.

309 3989 330 4060 ⁴)
348 3991 403 4043 Cre.
421 4005 446 4054 p.
464 3989 532 4039 Mur.
551 3993 566 4038 8
584 3988 598 4054 §
619 3991 658 4038 17.
677 3990 704 4039 in
721 3990 825 4041 Rullum
842 3990 879 4040 11.
899 3994 923 4039 2.
1013 4016 1017 4026 ·

309 4071 330 4140 ⁵)
348 4076 418 4126 Van.
435 4085 503 4121 aaa.
522 4072 700 4135 VL9514.
778 4100 809 4139 A
