2910 4950
688 439 752 503 148

239 634 285 712 ¹Si
324 640 429 710 se'rmo
467 652 513 708 est
542 643 581 708 de
612 628 702 709 Scio:
742 652 777 708 ut
811 641 987 708 sodalitates
1021 643 1238 731 decuriatique

163 756 166 761 ’
209 758 416 836 discederent,
448 757 551 821 statim
583 756 685 820 oritur
720 756 860 841 quaestio
890 755 983 820 etiam
1007 776 1026 819 a
1050 755 1237 823 0001001100

209 872 343 959 agitata,
369 870 534 935 licueritne
557 867 692 952 antiquis
713 866 906 953 temporibus
924 867 1028 932 coire?
1062 868 1119 932 Cui
1138 891 1237 954 quae-

208 983 300 1048 stioni
323 983 361 1046 M.
391 977 558 1066 respondet
588 976 775 1042 affirmando
801 975 886 1063 quod
909 978 999 1043 nulla
1022 978 1238 1046 1011010010-

210 1103 282 1171 tur,
315 1114 379 1179 qua
408 1092 457 1156 ius
480 1088 613 1156 coeundi
636 1088 797 1153 sublatum
816 1089 871 1168 sit,
896 1088 981 1174 quod
997 1113 1054 1175 per
1072 1113 1105 1155 se
1124 1093 1237 1170 01011,

209 1205 274 1268 iam
305 1202 464 1268 sufficeret
485 1202 511 1289 ¹)
523 1226 531 1281 ;
561 1224 635 1265 nam
664 1200 843 1266 confirmari
865 1203 1009 1286 penetrale
1032 1201 1165 1267 coeundi
1189 1204 1241 1267 ius

215 1315 289 1402 (iam
312 1314 360 1380 his
382 1337 468 1380 voce.
493 1313 611 1378 recedit
633 1313 868 1399 aliquantulum
895 1313 934 1377 ab
963 1313 1108 1399 opinione
1130 1337 1240 1380 enun-

211 1427 287 1492 tiata
325 1450 356 1512 p.
389 1426 448 1491 33:
482 1426 559 1508 „ius
594 1425 727 1490 coeundi
760 1424 821 1489 fuit
857 1424 994 1510 antiquis
1027 1424 1239 1511 temporibus,

212 1539 385 1621 „omnibus
409 1560 608 1615 concessum,
639 1546 676 1601 ut
702 1545 749 1601 tot
772 1533 981 1623 collegiorum
1004 1558 1123 1623 genera
1145 1535 1242 1602 fuisse

213 1648 442 1731 „statuendum
465 1648 525 1714 sit”
540 1658 611 1712 cett.
631 1648 675 1734 2))
702 1648 822 1728 „etiam
847 1646 970 1735 legibus
984 1647 1035 1725 iis,
1056 1669 1137 1732 quae
1155 1657 1243 1713 certa

210 1759 448 1848 „collegiorum
472 1780 590 1846 genera
613 1758 789 1823 tollebant’'
806 1759 846 1846 ³).

258 1869 445 1933 Praesertim
475 1867 527 1932 hic
549 1866 827 1932 animadvertenda
850 1879 924 1932 sunt
946 1869 1043 1934 verba
1065 1891 1192 1934 000000
1213 1870 1242 1958 ⁴)

214 1978 252 2047 de
276 1980 447 2067 posteriorc
468 1990 624 2065 tempore:
650 1978 861 2065 „frequenter
886 1981 980 2046 etiarn
1004 1992 1111 2047 coetus
1130 1981 1245 2047 factio-

215 2114 352 2174 „soram
386 2089 551 2154 hominum
589 2090 655 2154 sino
685 2089 813 2176 publica
843 2094 1028 2157 auctoritate
1062 2092 1147 2158 malo
1181 2116 1246 2180 pu-

212 2204 322 2286 „blico
361 2201 478 2267 fiebant
513 2212 642 2288 propter
676 2202 762 2288 quod
796 2212 902 2288 postea
940 2204 1074 2292 collegia
1104 2205 1183 2270 Setis
1214 2217 1248 2271 ct

215 2313 388 2400 „pluribus
428 2312 552 2400 legibus
592 2320 685 2377 sunt'
704 2313 827 2378 sublata
860 2325 986 2400 praeter
1019 2337 1118 2401 pauca
1150 2326 1248 2402 atque

216 2406 405 2511 „'certa’''⁵).
442 2426 525 2488 llaec
549 2423 645 2488 verba
665 2427 704 2489 M.
728 2424 776 2488 bis
800 2423 908 2489 laudat
922 2426 948 2513 ⁸)
971 2436 1003 2491 et
1021 2427 1053 2491 in
1075 2428 1248 2512 posteriore

216 2536 287 2601 loco
318 2534 424 2621 lapsus
451 2558 515 2598 esse
538 2534 671 2600 videtur.
720 2535 835 2600 Scribit
861 2538 946 2601 enim
970 2538 1010 2603 ad
1033 2538 1130 2603 verba
1150 2561 1247 2606 asco-

218 2671 283 2713 nu:
323 2669 430 2733 „quas
464 2646 550 2734 leges
582 2645 750 2734 significet,
786 2650 916 2735 ignoro,
953 2650 1011 2714 nisi
1042 2649 1247 2738 cogitandum

218 2771 294 2845 „est
324 2759 362 2824 de
392 2758 463 2847 lege
494 2781 590 2844 quam
618 2783 657 2824 ex
689 2760 778 2839 Scto,
817 2769 854 2823 ut
881 2757 1002 2825 sodales
1031 2759 1247 2849 decuriatique

221 2923 239 2954 „
246 2870 453 2950 discederent,
468 2880 612 2958 rogatam
625 2894 690 2937 esse
703 2870 870 2937 verisimile
883 2880 971 2936 estet
984 2871 1022 2936 de
1034 2870 1106 2960 lege
1117 2874 1245 2942 Licinia.

255 3114 275 3182 ¹)
293 3118 441 3167 nrounsss.
460 3132 500 3180 op.
519 3116 536 3165 1.
555 3132 579 3180 p.
598 3122 639 3166 33.

255 3195 276 3265 ²)
295 3200 399 3264 Saepius
422 3199 490 3248 idem
511 3199 549 3248 M.
572 3212 638 3263 qnae
661 3199 687 3247 in
711 3198 793 3261 priore
817 3199 919 3262 periodo
942 3199 1126 3264 aliquantulum
1139 3201 1248 3266 ⁴longiae

224 3285 352 3344 extendit,
370 3292 487 3334 retractat
501 3283 527 3332 in
545 3284 666 3347 sequenti.
702 3284 828 3347 Exemplo
843 3292 895 3334 esto
908 3284 976 3350 quod
990 3286 1134 3336 monuimus
1149 3287 1248 3338 deloco

221 3371 265 3420 ubi
298 3384 380 3420 sermo
407 3375 445 3417 est
475 3367 506 3415 de
531 3375 662 3432 quaestore
689 3375 714 3416 01
745 3376 866 3431 praetore.
901 3369 1034 3418 Accedant
1060 3370 1103 3419 bic
1124 3367 1199 3421 Ι10000
1224 3377 1249 3421 01

223 3455 300 3504 verba
317 3468 341 3516 p.
358 3456 390 3500 54
410 3463 492 3514 aquae
509 3451 610 3499 collatio
625 3450 800 3514 suffragiorum
816 3454 924 3503 invicem
938 3452 1003 3504 facta
1016 3454 1148 3505 dicebam
1161 3456 1248 3515 coitio,

225 3539 285 3589 uvel
303 3546 370 3588 certo
386 3536 527 3601 pertinebat
545 3537 577 3584 ad
594 3536 741 3595 coitionem
760 3539 827 3601 quod
845 3539 948 3588 verius”
965 3546 1022 3588 cett.

258 3621 279 3684 ⁸)
293 3624 332 3675 cf.
350 3631 436 3674 tamen
453 3623 558 3670 omnino
580 3635 605 3670 o.
623 3635 660 3671 ne
678 3637 743 3670 aran.
762 3624 821 3673 dise.
839 3623 857 3672 l.
875 3639 899 3687 p.
918 3629 961 3673 34.
979 3639 1005 3673 n.
1027 3627 1066 3672 16.

211 3754 218 3764 .
259 3707 281 3773 ⁴)
299 3710 353 3760 Crc.
373 3723 418 3772 pro
435 3706 511 3757 Corn.
530 3722 554 3769 p.
574 3706 623 3757 On.
644 3710 674 3755 75
694 3722 747 3770 sqq.

260 3792 330 3859 5)1n
356 3795 408 3857 ipso
430 3792 485 3841 loeo
508 3803 643 3840 creanosrs
661 3791 693 3839 ab
711 3803 821 3839 0000010
840 3799 951 3853 servato,
976 3803 1115 3841 00100001.
1133 3790 1249 3843 lacunam

225 3881 345 3943 exiguam
363 3878 398 3927 sic
416 3875 515 3938 explet:
541 3874 605 3937 uqui
619 3872 694 3922 habet
708 3887 878 3922 1000001ιο
889 3909 982 3924 ......
1000 3888 1040 3923 res
1053 3873 1174 3935 vulgar&
1192 3881 1249 3924 cett.

227 3964 328 4034 ,100001
354 3960 492 4024 ignorabas
510 3957 634 4020 vulgare''
655 3964 711 4006 cett.
757 3957 815 4018 Quo
837 3959 890 4009 iare
913 3959 954 4009 101
979 3974 1030 4023 qua
1054 3959 1201 4009 auctoritate
1225 3958 1250 4007 id

227 4050 313 4111 feccrit
330 4062 382 4097 non
399 4045 480 4094 video.

259 4132 443 4198 1111000110.
462 4143 502 4191 op.
521 4126 538 4175 l.
558 4142 582 4189 p.
600 4130 634 4174 34
654 4133 677 4175 et
697 4127 737 4175 73.
