2910 4950
613 410 675 475 151

131 643 215 708 „pro
245 619 406 686 voluntate
434 616 623 683 accusatoris
653 615 753 681 tribus
779 614 948 683 ederentur
973 618 1150 706 exquibus

132 756 254 815 „unam
283 727 514 797 tamtummodo
542 729 671 794 reiicere
700 738 804 814 posset
831 749 920 811 reus;
953 729 991 795 de
1020 731 1150 818 reliquis

130 856 261 928 „autem
295 842 413 908 iudices
445 839 635 906 haberentur
670 841 778 925 utique
807 840 994 906 infestissimi
1023 864 1152 908 causam

130 956 347 1040 „dicentibus,
372 963 480 1040 utpote
499 975 577 1039 quos
598 963 762 1018 accusator
784 951 823 1018 ad
846 953 1151 1020 suamvoluntatem

130 1068 373 1156 „praelegisset‚
404 1063 525 1130 edendo
554 1087 606 1129 eas
634 1064 829 1150 potissimum
859 1063 960 1129 tribus
989 1087 1074 1163 quas·
1096 1087 1152 1131 reo

131 1180 260 1261 „minus
289 1200 405 1264 aequas
431 1176 499 1242 fore
520 1174 767 1241 arbitrabatur.”
815 1174 1012 1256 Quibuscum
1039 1177 1151 1243 confe-

129 1289 265 1357 rendum
295 1290 430 1355 alterum
456 1286 596 1353 eiusdem
618 1286 723 1352 Schol.
747 1286 973 1351 testimonium:
990 1287 1016 1375 ¹)
1043 1288 1152 1369 „facta

130 1403 220 1486 „Scti
248 1402 424 1478 mentione,
460 1399 514 1485 qui
544 1397 719 1465 secundum
741 1396 851 1484 legem¹
869 1397 1018 1463 Liciniam
1036 1399 1082 1467 IV
1101 1398 1151 1465 edi

31 1588 36 1599 Ι
131 1512 257 1595 „tribus
285 1511 325 1576 ab
355 1519 536 1575 accusatore
566 1507 718 1587 voluerit,
750 1530 788 1571 ex
819 1507 933 1593 quibus
962 1531 1018 1573 reo
1043 1509 1154 1577 liceret

54 1597 58 1607 ¹
131 1645 254 1708 „unam
288 1621 456 1709 repudiare
490 1629 526 1685 ut
558 1619 597 1685 de
628 1618 728 1685 tribus
757 1619 887 1704 reliquis
915 1618 1085 1710 iud[icum]
1120 1624 1149 1713 2)

129 1735 284 1820 „haberet
302 1734 485 1812 editionem
507 1742 613 1798 tamen
630 1729 670 1797 ab
687 1741 868 1797 accusatore
882 1732 927 1797 sic
937 1732 1004 1796 fieri
1016 1733 1152 1801 voluisse

129 1858 191 1929 „ut
219 1870 272 1912 eas
301 1845 423 1923 ederet,
448 1866 526 1930 quas
552 1854 717 1929 corruptas
738 1865 757 1907 a
780 1842 946 1908 candidato
968 1846 1151 1912 criminare·

130 1968 218 2040 „tnr.
271 1958 312 2021 Hi
338 1956 399 2021 leci
429 1956 546 2040 optime
573 1956 755 2040 conspirant
780 1977 854 2019 cum
877 1976 1041 2021 cressonis
1069 1958 1152 2022 testi·

128 2067 252 2134 monio:
290 2067 317 2154 ³)
355 2087 503 2147 „nessrns
537 2064 764 2133 defendebatur
796 2087 816 2129 a
848 2065 952 2144 nobis,
976 2103 1022 2116 -
1051 2067 1151 2135 tribus

130 2179 249 2264 „habet
267 2179 484 2263 Pomptinam,
504 2175 668 2254 Velinam,
688 2175 869 2242 Maeciam.''
906 2178 957 2242 Sic
975 2177 1007 2243 in
1027 2201 1153 2247 eunucu

129 2314 224 2357 causa
236 2300 400 2357 accusator
411 2288 506 2354 edidit
518 2287 630 2353 tribus:
651 2288 848 2366 Lemoniam,
864 2287 1059 2369 Ufentinam,
1072 2293 1151 2358 Cru-

128 2404 314 2482 stammam,
330 2402 493 2481 Maeciam3
514 2401 612 2489 igitur
630 2410 785 2485 quatuor;
810 2398 905 2465 edidit
921 2399 1065 2467 ultimam
1085 2427 1150 2469 non

128 2540 210 2604 quae
229 2515 382 2581 iudicaret
402 2512 458 2578 sed
480 2535 561 2599 quae
579 2513 772 2578 reiiceretur.
787 2511 814 2600 ⁴)
841 2512 954 2578 Mirum
972 2513 1051 2580 haec
1069 2538 1152 2602 quae

129 2630 219 2717 posui
248 2629 277 2693 ei
305 2626 449 2693 accidant
481 2648 607 2692 necesse
636 2635 698 2705 est,
730 2625 785 2710 qui
809 2623 894 2712 legat
916 2624 1019 2694 solum
1043 2625 1150 2695 locum

127 2740 149 2808 l.
181 2763 221 2806 ex
251 2738 437 2816 Planciana;
466 2759 541 2801 nam
571 2738 605 2800 in
633 2759 671 2801 eo
700 2735 771 2801 loco
793 2735 984 2803 dubitaveris
1006 2737 1152 2807 additane

126 2852 167 2918 sit
188 2849 357 2915 Terentina
379 2846 479 2912 tribus
501 2847 538 2911 iis
567 2869 649 2931 quae
671 2846 772 2910 editae
795 2845 928 2926 fuerint,
952 2872 1063 2918 necne.
1109 2854 1152 2919 At

126 2985 239 3028 verum
273 2983 338 3026 csse
368 2956 453 3044 quod
482 2956 547 3021 dixi
581 2956 696 3021 evincit
729 2955 810 3020 alter
842 2979 882 3022 ex
914 2958 975 3024 hac
1008 2964 1149 3031 oratione

78 3140 82 3147 .
128 3075 217 3142 locus
241 3072 268 3164 ⁶)
301 3071 357 3136 ubi
382 3091 496 3137 cronno
519 3068 594 3134 dicit
616 3067 710 3135 fuisse
732 3091 772 3134 ex
794 3070 947 3135 sententia
969 3069 1048 3159 legis
1070 3075 1149 3140 Lici·

152 3326 181 3388 ·¹)
198 3329 277 3379 Schol
293 3330 357 3379 Bob.
375 3344 400 3394 p.
418 3344 460 3380 on
479 3334 539 3379 aul.

161 3412 182 3478 ²)
199 3416 271 3465 Ilaec
295 3416 330 3465 ita
352 3416 464 3480 explevit
481 3430 507 3465 Α.
526 3427 607 3465 uires
624 3415 726 3474 vitiosc;
743 3414 848 3465 omnino
864 3415 1007 3480 recipienda
1029 3426 1067 3470 est
1082 3420 1150 3485 ingo

127 3497 267 3549 nioeissirna
291 3501 433 3550 coniectura
459 3514 610 3549 neunsesn
633 3500 668 3548 sic
689 3500 808 3563 legentis:
835 3510 883 3549 unt
903 3502 935 3553 de
952 3503 1031 3554 tribus
1047 3506 1151 3570 reliquis

128 3582 266 3645 uindices]
289 3583 404 3643 naheren
428 3584 562 3633 editionem
580 3592 665 3632 tumen
689 3584 720 3631 ab
737 3594 879 3634 mensutore
897 3585 931 3635 ric
994 3588 1151 3640 ivolnisse”

125 3675 183 3716 cett.
219 3667 292 3728 Quae
312 3684 392 3733 quum
417 3669 467 3718 iam
485 3676 530 3733 per
552 3684 579 3717 so
602 3670 662 3718 satis
679 3683 706 3719 se
723 3671 899 3719 commendent
920 3686 970 3720 non
988 3688 1050 3735 opus
1068 3682 1105 3723 cst
1122 3683 1151 3725 nt

126 3752 232 3800 addatur
259 3767 293 3802 ox
317 3754 517 3816 interpunctione
543 3754 618 3803 etiam
642 3756 1079 3814 rectavoc.tenna,suu1nlocum
1097 3766 1150 3808 esse

127 3837 277 3885 restitutum.

161 3916 181 3985 ὅ)
199 3920 254 3971 Cre.
274 3922 321 3985 Ep.
339 3922 371 3971 ad
388 3921 442 3971 Art.
459 3924 507 3973 IV.
530 3927 567 3973 15.
585 3924 645 3974 data
661 3940 684 3975 a
703 3939 727 3973 u.
746 3939 767 3974 c.
789 3927 846 3975 70⁰.
864 3939 881 3973 a
897 3922 926 3976 C.
947 3928 987 3975 54.

161 4005 182 4071 ⁴)
200 4006 255 4058 Cic.
273 4023 298 4071 p.
316 4008 403 4057 Plane.
425 4011 455 4056 16
473 4007 487 4072 t
504 4012 546 4057 38.
628 3999 632 4009 ¹

162 4087 182 4153 ⁵)
199 4091 254 4143 Cic.
273 4107 297 4156 p.
316 4091 403 4142 Plane.
426 4096 456 4141 18
477 4092 542 4157 §44
559 4108 597 4157 al.
