2910 4950
706 414 768 480 199

227 624 362 690 referam
382 646 553 691 numerum
572 623 712 689 iudicum
731 633 763 688 et
778 623 995 700 reiectionem,
1020 644 1102 709 quae
1120 645 1161 689 ex
1180 622 1251 713 lege

228 737 375 824 Pompeis
396 738 502 803 losum
522 736 632 801 habuit
646 738 685 824 ι).
719 735 858 801 Reiectio
875 733 969 800 fiebat
988 746 1154 821 postquam
1173 757 1250 800 esn-

224 869 291 913 sum
315 848 464 913 dixerunt
481 850 606 935 patroni
626 848 653 936 ²)
678 847 764 926 μετὰ
789 847 859 918 τοὺς
881 845 1006 925 λόγους.
1053 845 1248 912 Reiicieban·

224 966 278 1022 tur
292 982 332 1023 ex
350 959 483 1047 singulis
501 959 662 1025 ordinibus
676 959 781 1045 quini,
806 980 897 1023 areo
908 969 940 1023 et
955 957 995 1023 ab
1012 958 1246 1046 aecumtorm).

222 1071 326 1136 Antea
348 1094 378 1138 v.
396 1095 422 1138 c.
447 1073 478 1136 in
502 1072 617 1138 iudicio
640 1095 753 1138 vsnms
779 1081 884 1136 ternos
907 1069 1010 1134 solum
1033 1069 1163 1135 reiicere
1185 1093 1246 1157 po-

224 1188 328 1248 terant
345 1183 478 1262 iudices,
503 1195 666 1250 accusator
685 1194 717 1249 et
734 1206 825 1260 reus,
850 1180 936 1269 qnod
954 1192 1084 1267 apparet
1101 1205 1141 1246 ex
1156 1204 1245 1247 cicr-

222 1314 307 1358 noss
327 1296 370 1383 ⁴);
403 1298 547 1382 quamvis
570 1296 663 1363 multi
686 1295 817 1361 credant
838 1293 932 1359 fuisse
954 1303 1138 1378 potestatem
1162 1294 1246 1359 utri-

221 1426 284 1489 que
302 1409 385 1492 parti
402 1410 444 1476 v1
463 1408 623 1475 reiieiendi
642 1406 838 1494 quodquam
858 1404 974 1471 falsum
993 1405 1033 1468 sit
1045 1426 1085 1468 ex
1096 1404 1163 1489 ipso
1175 1403 1246 1471 locu

221 1537 387 1584 cressonis
410 1521 610 1606 perspicuum
633 1530 689 1585 est.
735 1518 850 1584 Scribit
872 1539 901 1583 v.
922 1538 1025 1581 suurn
1043 1516 1069 1604 ὅ)
1096 1516 1245 1583 effectum

219 1650 285 1694 esse
315 1641 352 1694 ut
376 1630 494 1696 iustitia
524 1633 628 1718 potius
657 1642 689 1696 et
719 1631 849 1708 verius,
882 1651 978 1715 quam
1005 1628 1185 1715 eloquentia
1214 1639 1247 1695 et

219 1743 354 1809 ambitus
383 1745 416 1809 in
448 1744 517 1809 foro
547 1756 673 1830 possent
699 1743 896 1830 triumphare
921 1753 952 1806 et
975 1740 1069 1827 plura
1093 1740 1245 1807 huiusce-

218 1853 320 1932 modi,
345 1878 427 1941 quae
449 1878 526 1920 vera
548 1867 649 1920 essent
672 1855 704 1920 in
730 1857 854 1920 civitate
880 1853 997 1930 libere,
1021 1874 1085 1916 non
1109 1852 1142 1916 in
1165 1852 1245 1918 urbs

216 1961 320 2026 Roma
351 1964 436 2028 illius
464 1966 613 2050 temporis
640 1965 694 2029 nbi
728 1971 1038 2047 „spisspsosrsyism
1071 1961 1242 2041 ambitum,

216 2121 235 2153 „
245 2073 384 2151 comitis,
398 2074 632 2162 interregnum,
647 2076 854 2153 maiestatem,
870 2085 967 2139 totam
981 2071 1116 2158 deniqne
1127 2075 1240 2160 Remp.

216 2183 333 2266 „flocci
355 2209 419 2251 non
443 2186 584 2252 faciunt'’
601 2187 641 2274 ⁰).
689 2189 807 2252 Parum
830 2188 910 2251 iuste
933 2183 1049 2249 iudicia
1072 2194 1149 2250 tunc
1172 2197 1242 2252 acta

216 2318 281 2361 esse
303 2295 512 2364 demonstrari
534 2309 634 2385 potest
656 2311 724 2364 tum
748 2322 787 2364 ex
810 2320 905 2364 causa
926 2318 1090 2374 sonions,
1115 2318 1244 2363 rourum

214 2410 340 2494 generi,
365 2420 433 2477 tum
457 2435 496 2478 ex
519 2435 631 2479 causae
655 2409 841 2479 dictionibus
864 2434 898 2477 n.
922 2409 1105 2496 sunssn‘1).

680 2619 695 2699 ᾗ
722 2617 773 2683 12.

529 2772 591 2835 Rei
613 2792 652 2836 es
674 2772 740 2856 lege
761 2770 924 2856 Pompeia.

258 2966 409 3033 Praemiis
442 2992 507 3035 non
537 2971 660 3060 exiguis
688 2972 853 3058 propositis
880 2971 912 3037 in
943 2992 1054 3035 eorum
1084 2972 1237 3058 gratiam,

246 3176 266 3244 ¹)
284 3179 323 3230 ef.
347 3182 452 3229 omuino
471 3181 503 3231 du
523 3181 645 3231 iudicibus
662 3194 734 3231 enin.
750 3196 783 3244 op
797 3180 815 3230 1.
831 3195 855 3245 p.
871 3185 921 3231 302
937 3195 990 3246 sqq.
1027 3181 1067 3231 De
1080 3182 1200 3232 iudicibus
1215 3191 1240 3233 et

209 3264 345 3314 reiectione
363 3278 395 3314 ex
414 3265 470 3328 lege
488 3265 610 3328 Pompeia
626 3266 685 3314 vide
707 3266 816 3315 eundem
833 3281 857 3328 p.
873 3270 920 3314 311
938 3280 992 3330 sqq.
1008 3272 1033 3315 et
1049 3282 1073 3316 n.
1093 3271 1236 3318 113-115.

250 3345 269 3414 ²)
287 3350 340 3399 Dio
364 3363 467 3400 csssrns
490 3350 549 3399 XL.
575 3354 616 3398 55.
640 3363 717 3398 nnus.
742 3349 832 3413 Pomp.
858 3354 899 3398 55.
923 3348 980 3400 Cet.
1000 3351 1065 3401 Min.
1085 3356 1127 3401 48.
1170 3352 1240 3404 Hine

209 3440 311 3497 appetet
333 3448 377 3482 cnr
400 3447 468 3485 curo
491 3435 566 3485 fuerit
589 3435 696 3484 reiectus
713 3434 804 3495 index,
826 3435 871 3499 qui
888 3434 998 3485 noluerit
1014 3437 1102 3488 andire
1119 3438 1239 3490 laudatio·

208 3533 269 3568 num
285 3532 411 3578 rourum,
428 3535 508 3583 quum
526 3532 644 3570 russeus
659 3533 716 3569 rens
733 3527 793 3570 emt.

243 3600 512 3667 &mmmm

243 3684 618 3754 ἣὼαὴηηιςω

244 3768 264 3839 ⁵)
281 3787 307 3823 v.
326 3787 415 3823 nurus
432 3773 490 3823 diss.
509 3775 526 3823 1.
545 3790 569 3838 p.
592 3781 647 3826 104.

242 3853 263 3922 ⁶)
281 3856 336 3909 Cic.
354 3859 387 3906 ed
405 3859 460 3907 Ast.
479 3859 528 3908 IV.
551 3864 580 3908 15
601 3863 615 3923 ς
634 3867 658 3911 3.
686 3862 753 3912 Num
771 3862 838 3926 quod
858 3863 956 3926 scripsit
972 3876 1066 3913 crunno
1081 3878 1169 3914 mmo.
1188 3866 1237 3914 700

197 3927 224 3991 'a
241 3939 270 3993 C.
289 3947 330 3991 54.
349 3944 380 3992 de
395 3943 540 3993 conditione
558 3945 621 4009 reip.
639 3946 713 3998 Rom.
729 3948 757 3998 ni
771 3947 844 3998 fullos
859 3949 936 3998 etium
949 3949 1017 3999 valet
1028 3951 1060 4000 de
1071 3950 1239 4014 temporibus,

208 4040 274 4090 quae
290 4042 353 4077 mox
371 4035 457 4078 secuta
474 4035 540 4077 sunt.

243 4107 263 4176 7)
283 4111 348 4162 Asc.
370 4127 393 4177 p.
413 4127 457 4163 os·
477 4117 510 4162 54
528 4127 580 4178 sqq.
