2910 4950
613 417 655 481 89

124 626 228 710 ῥᾳδίως
253 624 393 706 εὑρίσκει.
442 625 608 706 Quocum
631 623 702 689 loco
725 623 937 709 comparanda
955 637 1029 692 sunt
1047 628 1143 694 rerba

125 738 235 803 mutila
261 736 388 823 quidem
419 758 543 803 asconis
571 735 771 824 rno1ffl1):
808 758 936 821 „quare
955 761 1036 827 'cum
1058 740 1145 808 huno

125 898 143 931 ,‚
152 850 186 915 P.
208 852 247 915 R.
274 848 395 914 videret
423 860 454 914 et
480 872 554 914 cum
582 870 601 913 a
629 859 669 914 tr.
694 848 738 935 pl.
761 846 928 913 doceretur
951 897 1053 916 ......
1085 853 1146 916 nisi

125 983 255 1046 „poena
285 961 463 1026 accessisset
493 962 526 1025 iu
559 959 708 1024 divisores
741 959 874 1024 exstiuct
905 1008 989 1027 .....
1029 960 1146 1050 (π)υΙΙο

125 1070 249 1153 „modo
270 1093 374 1157 posse,
399 1071 502 1160 legem
521 1071 604 1137 hanc
626 1093 777 1137 coruum
795 1071 823 1158 ²)
849 1070 1025 1157 flagitabat,
1056 1071 1145 1137 illam

126 1230 144 1264 ‚,
158 1181 384 1270 (Calpurniam)
410 1206 492 1269 quoe
513 1206 553 1248 ex
576 1184 649 1247 Scto
668 1182 829 1247 ferebatur
851 1181 1037 1267 repudiabat
1053 1182 1148 1268 idque

125 1295 222 1376 „iure
256 1304 292 1358 ut
318 1293 401 1359 docti
433 1318 544 1361 sumus
574 1292 711 1359 duorum
742 1292 908 1358 consulum
936 1292 1145 1360 calamitate.'’

125 1408 310 1471 Sermonem
329 1429 394 1471 esse
409 1404 449 1470 de
468 1405 539 1493 lege
555 1426 705 1470 oonmrrr
725 1403 764 1469 dc
778 1403 898 1468 ambitu
914 1426 978 1468 nou
995 1414 1042 1469 est
1064 1403 1149 1490 quod

126 1515 321 1596 dubitemus3
353 1516 470 1582 indicat
492 1514 552 1581 hoc
574 1527 642 1580 tum
657 1514 755 1580 illud:
778 1516 811 1579 in
829 1515 985 1591 divisores,
1010 1515 1035 1580 si
1063 1538 1148 1581 com·

126 1648 220 1712 paras
246 1649 320 1691 cum
350 1628 403 1705 iis,
435 1649 515 1713 quae
544 1637 734 1715 sequuntur,
767 1624 853 1712 apud
877 1648 942 1692 asc.
967 1648 998 1712 p.
1022 1649 1085 1713 seq.
1110 1625 1150 1692 de

128 1761 235 1804 maora
258 1738 362 1825 legem
386 1739 505 1805 ferente
528 1762 585 1827 per
604 1740 767 1804 divisorum
786 1738 1020 1805 multitudinem
1044 1738 1150 1804 eforo

96 1926 101 1944 ι
128 1850 241 1929 eiecto,
277 1859 346 1917 tum
380 1850 435 1915 illa
466 1852 619 1937 oppositio
647 1850 726 1937 legis
759 1871 909 1915 consumi
941 1861 972 1915 et
1001 1850 1081 1938 legis
1110 1873 1152 1914 ex

128 1961 200 2026 Scto
229 1958 325 2038 laiae;
358 1957 493 2044 denique
520 1959 638 2024 mentio
664 1958 849 2024 calamitatis
872 1959 1009 2027 duorum
1032 1982 1150 2026 consu-

128 2071 197 2138 lum
219 2071 456 2158 designatorum
475 2071 516 2158 ³).

173 2181 301 2247 Plebem
324 2182 478 2268 flagitasse
501 2181 605 2268 legem
628 2201 797 2258 correrii,
820 2179 1000 2267 repudiasse
1018 2179 1151 2268 Calpur-

129 2294 215 2360 niam
250 2291 368 2357 indicat
399 2289 448 2370 id,
485 2291 569 2377 quod
602 2314 698 2378 supra
727 2291 879 2357 diximus:
915 2294 947 2357 iu
982 2291 1054 2358 odio
1087 2317 1152 2359 esse

130 2405 272 2472 ordinem
306 2403 523 2482 Senatorium3
567 2402 621 2469 sed
656 2425 715 2468 cur
747 2404 815 2469 iure
847 2401 935 2489 plebs
964 2403 1153 2492 flagitaverit

129 2515 233 2604 legem
269 2536 420 2581 oouurnu
454 2537 494 2579 ex
528 2535 694 2580 crosnoms
728 2524 918 2602 argumento
950 2536 1015 2578 nou
1051 2514 1150 2601 capio.

130 2628 264 2693 Possunt
290 2625 369 2690 haec
391 2623 518 2711 quidem
540 2625 585 2690 ita
607 2625 758 2710 explicari
781 2647 817 2691 ac
840 2625 866 2690 si
887 2624 1024 2690 voluerit
1046 2635 1153 2691 orator

130 2761 199 2804 eam
231 2759 365 2824 poenam
392 2758 432 2800 ex
460 2735 531 2822 lege
559 2735 731 2820 Calpurnia
760 2757 825 2801 nou
853 2758 919 2800 esse
940 2757 1049 2820 parem
1073 2734 1153 2801 faci·
1195 2774 1202 2786 ·

130 2849 221 2927 nori,
260 2845 347 2931 quod
380 2855 644 2931 perpetraverunt
672 2869 769 2910 surus
803 2855 835 2910 et
863 2868 1067 2923 concurras,
1099 2845 1155 2913 sed

130 2961 163 3024 in
195 2978 360 3022 crornoms
394 2954 497 3020 verbis
531 2979 596 3022 non
630 2965 677 3021 est
709 2954 809 3041 vulgo
841 2956 1057 3040 interpretatio
1087 2968 1154 3023 tam

131 3069 193 3137 alte
223 3065 403 3154 repetenda.
458 3066 543 3150 Quid
573 3077 679 3133 tamen
709 3063 911 3133 statuendum
937 3066 977 3130 sit
1005 3065 1044 3131 de
1071 3067 1155 3134 hisoe

131 3202 218 3247 voco.
243 3201 325 3266 quae
347 3179 391 3243 ita
409 3177 549 3246 eduntur
570 3204 609 3246 ex
632 3201 797 3255 mnrium,
816 3177 932 3243 summi
950 3177 1009 3242 viri
1028 3179 1155 3246 coniec-

124 3301 220 3370 tura,
263 3291 385 3369 nescio,
420 3314 479 3357 uec
512 3290 683 3359 diiudicare
717 3293 828 3359 ausim.
882 3289 1053 3376 Calpurnia
1087 3301 1156 3357 erat

133 3405 216 3469 enim
244 3402 436 3468 severissime
465 3404 580 3490 scripta
604 3404 645 3492 ⁴).
691 3405 739 3469 Ex
767 3426 805 3470 ea
826 3402 898 3492 lege
920 3403 1059 3470 damnati
1081 3414 1155 3470 sunt

133 3525 227 3601 atque
258 3535 375 3600 poenus
403 3511 517 3579 dedere
550 3537 646 3580 susm
676 3525 707 3581 et
733 3538 936 3596 roaousrus;
970 3538 1028 3582 cur
1048 3517 1155 3603 igitur

132 3628 200 3692 iure
227 3625 401 3713 repudiarit
424 3626 457 3691 P.
482 3628 520 3693 R.
552 3649 623 3692 eam
652 3626 756 3717 legem
779 3626 985 3714 Calpurniam
1007 3650 1047 3693 ex
1070 3626 1154 3692 cala-

129 3767 347 3782 —-——

166 3838 187 3909 ¹)
203 3841 269 3890 mu
287 3855 311 3903 μ
333 3843 373 3890 ⁷4.

167 3920 187 3986 ²)
205 3923 346 3988 [Cossum
364 3923 546 3988 interpolatoris
563 3926 622 3990 est]

167 4006 187 4075 ⁵)
205 4010 272 4060 Vide
290 4009 356 4059 inira
372 4024 396 4074 p.
418 4015 474 4059 104.
624 4069 628 4075 ·

168 4090 189 4157 ⁴)
206 4092 260 4146 Cic.
279 4109 305 4160 p.
323 4094 390 4145 Mur.
410 4099 451 4143 23.
470 4095 485 4157 5
505 4097 545 4142 46.
