2910 4950
695 390 756 454 122

211 624 270 684 „ra
302 620 391 664 remo
421 619 497 663 coss.
529 617 609 682 quae
640 594 727 684 leges
748 617 817 662 rem
839 596 1008 666 militarem
1031 599 1233 688 impedirent,

210 720 275 794 „ut
297 705 560 797 abrogarentur.'’
627 727 629 730 ·

189 878 194 885 .
254 824 370 909 Legem
400 819 560 884 Maniliam
583 819 657 884 Seto
680 818 864 908 abrogatam
886 844 952 888 esse
974 836 1105 911 apparet
1125 849 1166 892 ex
1188 826 1237 895 his

209 934 314 1000 verbis
336 952 479 998 asconu:
508 931 534 1019 ¹)

231 1028 406 1128 ,Dictum
432 1055 478 1109 est
508 1065 604 1129 supra
631 1041 670 1108 de
699 1042 747 1108 his
776 1042 916 1132 legibus,
950 1069 1088 1132 quarum
1109 1071 1177 1114 una
1198 1048 1239 1115 de

210 1156 456 1240 „libertinorum
476 1156 651 1243 suffragiis,
676 1178 758 1241 quae
780 1179 855 1222 cum
877 1158 952 1223 Scto
971 1158 1120 1226 damnata
1136 1160 1237 1227 osset'’

212 1280 284 1336 cett.
315 1267 517 1333 Contendunt
540 1270 578 1336 V.
592 1270 631 1336 V.
655 1269 692 1334 D.
717 1268 753 1334 D.
778 1270 930 1333 Senatum
954 1272 1048 1337 etiam
1079 1272 1138 1338 hoo
1162 1273 1241 1339 iuris

210 1380 358 1446 habuisse
378 1390 520 1466 utquam
534 1379 638 1467 legem
658 1388 749 1444 antea
764 1380 947 1468 abrogaret,
960 1406 1108 1450 revocare
1119 1395 1239 1471 posset,

213 1515 309 1581 quam
323 1494 555 1557 revocationem
566 1493 817 1579 prorogationem
833 1495 908 1579 lepis
923 1495 1094 1581 appellant.
1129 1497 1240 1578 Mitto,

212 1629 308 1693 quam
339 1604 508 1670 abhorreat
538 1626 557 1668 a
587 1605 749 1670 verisimili
779 1607 944 1691 opinione,
977 1607 1062 1694 quod
1086 1631 1242 1695 umquam

212 1719 309 1785 talem
340 1717 553 1782 commiserint
581 1717 712 1781 Senatui
738 1728 923 1803 potestatem
946 1721 1097 1801 Quiritem
1123 1721 1241 1807 quippe

214 1831 270 1918 qui
299 1828 359 1895 hoc
382 1827 477 1893 modo
502 1810 609 1893 omnia
631 1826 670 1892 ad
693 1851 787 1892 suum
809 1840 924 1895 nutum
949 1830 1053 1896 facere
1074 1833 1238 1918 potuisset3

213 1943 322 2031 mitto,
359 1939 443 2026 quod
477 1961 629 2004 asconius
663 1938 758 2004 huius
791 1941 837 2005 rei
870 1965 911 2006 ne
944 1943 1077 2007 verbum
1112 1943 1241 2030 quidem

214 2063 383 2132 memorat;
420 2051 480 2117 hoc
514 2051 617 2116 solum
650 2073 769 2137 quaero
799 2053 935 2138 possitne
966 2077 1039 2119 voe:
1065 2077 1243 2142 prorogare

211 2165 392 2254 significare
431 2162 534 2250 legem
577 2163 653 2227 olim
694 2163 880 2251 abrogatam
919 2167 1034 2231 iterum
1068 2171 1242 2234 revocare?

215 2279 413 2363 Prorogatur
436 2275 530 2339 alicui
554 2273 600 2353 id,
626 2273 711 2361 quod
734 2275 796 2340 iam
816 2275 925 2357 habet;
951 2279 995 2342 sie
1015 2301 1139 2365 semper
1157 2277 1244 2365 apud

215 2409 399 2454 crannonem
430 2385 586 2470 aliosque3
612 2408 769 2471 nusquam
792 2387 874 2453 alius
895 2390 1130 2476 significationis
1151 2392 1245 2456 vesti-

217 2503 307 2590 gium
330 2500 446 2564 inveni.
495 2499 708 2584 Prorogamus
727 2497 822 2563 alicui
841 2502 1049 2584 provinciam,
1075 2504 1246 2589 imperium

217 2623 290 2679 cett.
312 2610 366 2676 ubi
392 2610 436 2675 sic
459 2632 516 2696 per
541 2607 667 2696 longius
691 2620 814 2696 tempus
837 2611 957 2699 aliquid
979 2614 1073 2679 alicui
1095 2614 1247 2681 concedi·

217 2735 291 2803 tur,
324 2744 422 2808 quam
444 2721 533 2786 initio
562 2722 626 2786 sive
649 2721 721 2809 lege
746 2724 810 2787 sive
833 2725 907 2789 Scto
928 2727 958 2789 ei
980 2725 1089 2791 datum
1112 2737 1190 2794 erat.
1215 2725 1243 2815 ²)

218 2837 273 2913 At,
295 2835 377 2899 dicet
395 2833 525 2919 aliquis,
546 2856 644 2921 negas
663 2833 767 2922 legem
790 2836 976 2924 abrogatam
1000 2839 1165 2927 prorogari
1185 2837 1249 2904 dici

218 2969 308 3036 posse
331 2946 357 3010 si
379 2956 547 3010 revocatur
573 2945 593 3010 i.
607 2969 635 3011 e.
658 2946 684 3010 si
707 2945 791 3010 illius
815 2947 861 3011 ris
882 2949 1061 3034 interrupta
1082 2961 1114 3014 et
1138 2949 1248 3036 aliquo
1272 2955 1275 2960 '

219 3070 361 3145 tempore
395 3055 486 3121 nihili
516 3055 628 3133 fuerit,
659 3056 713 3121 sed
747 3061 929 3146 prorogatio
963 3062 1142 3146 provinciae
1176 3070 1247 3125 turn

221 3171 350 3237 demum
385 3168 491 3233 locum
522 3166 638 3231 habere
667 3178 785 3254 potest,
816 3181 927 3236 exacto
951 3171 1091 3259 legitimo
1124 3172 1251 3258 imperii

222 3294 378 3369 tempore3
412 3279 489 3344 haec
509 3279 607 3366 igitur
626 3279 735 3346 eodem
757 3281 899 3350 redeunt.
936 3285 1004 3348 Non
1024 3286 1152 3369 opinor,
1172 3307 1250 3350 nam

222 3397 248 3461 si
261 3391 443 3480 prorogatio
455 3414 519 3455 non
536 3389 641 3455 locum
661 3391 791 3458 haberet
809 3393 885 3460 dum
906 3397 1106 3483 magistratus
1123 3397 1156 3462 in
1175 3419 1250 3482 pro·

222 3505 326 3570 vincia
344 3512 458 3580 essent,
478 3501 531 3567 sed
550 3513 660 3568 exacto
679 3503 820 3592 legitimo
839 3517 997 3593 tempore,
1017 3509 1137 3573 nemini
1155 3507 1252 3575 credo

224 3638 366 3702 unquam
401 3616 552 3680 evenisset
585 3625 622 3680 ut
654 3617 823 3703 imperium
857 3619 886 3683 ei
920 3631 1126 3708 prorogatum
1160 3630 1250 3688 esset

225 3731 305 3793 Nam
336 3727 552 3812 unusquisque
575 3727 750 3794 secundum
777 3728 881 3816 legem
908 3733 1103 3817 provinciam
1126 3733 1251 3809 dudum

263 4005 282 4073 ¹)
301 4007 364 4055 Asr.
383 4022 406 4069 p.
425 4020 468 4055 on.
488 4010 529 4054 66.

262 4086 282 4154 ²)
300 4090 338 4140 Cf.
357 4089 407 4140 foro
426 4102 513 4140 oniaco
531 4089 657 4154 lipistoloe
675 4103 722 4142 erc.
743 4092 774 4141 od
792 4092 847 4144 Aa.
867 4110 900 4149 ox
917 4096 1006 4148 Cilicia
1023 4097 1103 4148 antae.
