2910 4950
628 427 691 492 129

142 635 353 701 necessarium
376 644 413 700 ut
434 635 587 722 suffragia
609 636 642 700 in
665 636 783 702 multos
803 639 1021 722 competitores
1046 637 1169 703 divide-

143 757 262 813 rentur.
295 749 375 812 Nam
396 756 483 811 certo
501 746 616 813 sciebat
637 749 928 834 „seimpcraturum
946 749 1166 816 eidioideret.”

186 860 227 925 11.
263 859 303 940 Q.
329 881 491 924 eunomus
515 883 672 926 uersatus
694 885 760 927 ems
783 884 895 928 sermo.

186 970 361 1036 Accusatus
390 981 437 1037 est
465 995 484 1037 a
515 997 548 1040 u.
577 994 715 1040 etvomo
744 997 771 1041 a.
796 997 829 1041 u.
854 997 881 1040 c.
907 973 985 1040 695.-
1007 995 1036 1039 a.
1060 972 1096 1039 C.
1122 972 1166 1037 59

142 1103 282 1147 cassans
301 1092 333 1147 et
354 1106 468 1149 ornato
490 1107 584 1165 coss.;
609 1109 674 1151 non
698 1064 726 1152 a.
752 1109 784 1152 u.
809 1109 838 1150 c.
859 1086 935 1151 694.
960 1108 988 1151 a.
1012 1086 1045 1151 C.
1067 1086 1110 1152 60
1130 1094 1168 1151 ut

142 1191 249 1257 scribit
281 1214 366 1260 ursa.
394 1193 421 1281 ¹)
468 1195 586 1260 Unicus
619 1194 708 1260 locus
737 1194 776 1260 de
807 1194 866 1261 hac
896 1195 1094 1260 accusatione
1121 1205 1168 1263 est

142 1301 228 1388 apud
258 1326 439 1371 cresuouru
464 1304 492 1392 ²)
523 1305 557 1370 in
587 1305 717 1391 epistola
747 1327 829 1391 quae
857 1304 931 1370 data
953 1314 999 1369 est
1024 1327 1055 1371 a.
1079 1327 1112 1370 u.
1137 1327 1166 1373 c.

144 1412 219 1480 695.
251 1436 280 1481 a.
311 1416 344 1483 C.
378 1415 419 1480 59
449 1439 556 1481 mense
586 1416 679 1481 Iunio
708 1425 745 1481 ut
769 1414 893 1481 initium
916 1414 1064 1502 epistolae
1086 1415 1167 1481 indi-

143 1534 204 1590 cat.
251 1528 288 1592 In
319 1529 334 1610 5
367 1529 386 1593 9
413 1527 491 1593 haee
514 1527 683 1615 leguntur:
715 1529 897 1611 „Favonius
920 1551 1023 1593 meam
1047 1527 1166 1594 tribum

143 1634 242 1718 „tulit
261 1615 424 1704 honestius
442 1660 538 1742 quam
558 1661 661 1719 sua1n3
687 1661 813 1705 roscen
832 1639 975 1726 perdidit
1000 1639 1168 1705 Accusavit

142 1739 303 1827 ,musicam
337 1749 500 1816 inhoneste
533 1774 570 1816 ac
601 1750 738 1817 modeste
768 1762 874 1818 tamen
904 1752 982 1817 dixit
1004 1762 1041 1816 ut
1063 1751 1167 1816 Rhodi
1264 1796 1266 1801 -

140 1860 326 1942 „videretur
349 1863 441 1929 molis
463 1865 583 1950 potius,
616 1886 712 1949 quam
736 1886 859 1928 nouom
881 1885 1010 1949 operam
1034 1862 1164 1930 dedisse.

140 1969 240 2053 „Mihi
261 1970 348 2056 quod
368 1971 574 2038 defendissem
593 1972 705 2037 leviter
726 1975 913 2039 succensuit.
948 1975 1040 2038 Nunc
1059 1983 1166 2038 tamen

139 2080 283 2164 „iterum
313 2083 391 2167 petit
423 2084 503 2169 Reip
528 2082 656 2149 causa.’'
702 2083 752 2148 nd
780 2083 867 2148 hunc
896 2085 1026 2148 unicum
1058 2083 1164 2148 locum

138 2192 234 2281 plura
266 2206 341 2261 sunt
374 2193 548 2262 tractanda.
594 2196 633 2260 Et
666 2195 729 2260 iam
762 2197 866 2260 statim
896 2196 997 2260 oritur
1023 2196 1166 2282 quaestio

140 2305 254 2392 quibus
275 2308 308 2372 in
331 2308 463 2372 comitiis
485 2330 648 2372 revomuit
670 2308 828 2393 superarit
849 2330 960 2374 screto.
1007 2306 1107 2373 Credo
1130 2308 1164 2374 in

138 2418 287 2503 petitione
316 2419 388 2486 trib.
420 2419 463 2505 pl.
511 2420 590 2483 Nam
620 2442 774 2485 ravonws
803 2420 863 2486 hoc
891 2421 957 2507 ipsc
986 2442 1070 2507 anno
1100 2421 1164 2485 iam

139 2540 207 2596 erat
237 2531 370 2596 Senator
396 2531 493 2618 igitur
516 2542 685 2617 quaestura
708 2532 848 2613 functus3
873 2573 919 2583 —
941 2534 1057 2598 iuravit
1079 2533 1164 2598 enim

138 2638 170 2704 in
200 2638 304 2728 legem
332 2665 480 2708 cussanus
509 2644 669 2730 agrariam
698 2643 751 2709 sed
780 2645 824 2708 ita
853 2655 890 2708 ut
914 2656 984 2730 post
1013 2667 1164 2710 cauom!

137 2751 259 2815 iuraret
283 2751 309 2840 ³)
347 2776 440 2838 quem
468 2753 546 2818 adeo
576 2753 759 2818 imitabatur
791 2765 826 2818 ut
855 2777 963 2820 omnes
986 2756 1041 2840 qui
1064 2753 1103 2818 de
1126 2777 1165 2819 eo

137 2860 279 2927 scribunt
301 2860 342 2926 de
371 2861 427 2926 illo
441 2861 594 2947 'imitandi
617 2862 720 2928 studio
743 2874 855 2953 agqnt3
881 2864 1164 2932 immo‘dicebatur

137 2995 272 3041 cnrours
305 2973 421 3039 simius.
449 2972 475 3060 ⁴)
523 2975 681 3039 Favonius
712 2995 739 3040 a.
772 2997 804 3039 u.
837 2996 863 3040 c.
898 2977 972 3040 704.
1004 2997 1033 3040 a.
1060 2977 1093 3042 G.
1119 2977 1162 3043 50

136 3069 226 3173 petiit
255 3096 439 3172 praeturam
462 3086 483 3151 i.
500 3109 528 3152 e.
554 3108 669 3150 novem
695 3087 786 3174 annis
807 3096 974 3173 postquam
996 3088 1028 3150 in
1052 3096 1092 3151 tr.
1117 3086 1162 3172 pl.

137 3197 296 3283 repulsam
330 3196 457 3263 tulerat.
515 3197 704 3284 [Verisimile
740 3221 804 3263 non
839 3196 964 3263 videtur
998 3220 1162 3264 euronium

137 3330 166 3375 a.
188 3331 220 3375 u.
240 3333 267 3376 c.
290 3309 353 3374 695
378 3308 566 3374 aedilitatem
589 3310 716 3395 petisse,
742 3321 872 3396 postque
895 3333 1008 3375 novem
1032 3309 1160 3376 tandem

138 3441 237 3484 annos
259 3428 426 3505 praeturae
449 3418 618 3499 studuisse;
645 3421 750 3485 minor
772 3433 935 3508 praeterea
958 3421 1051 3486 fuisse
1071 3421 1161 3487 vide·

138 3540 193 3596 tur
214 3552 355 3609 eurora,
388 3532 442 3616 qui
466 3553 493 3596 a.
515 3553 546 3596 u.
569 3554 594 3597 c.
623 3532 686 3596 692
710 3543 749 3598 tr.
774 3533 817 3619 pl.
843 3545 911 3599 erat
933 3534 977 3621 ὕ).
1008 3544 1043 3598 ut
1066 3533 1160 3599 ctiam

132 3808 135 3813 -
173 3773 192 3839 ¹)
209 3775 285 3824 Rmu.
304 3789 344 3839 op.
360 3776 377 3824 l.
396 3792 419 3841 p.
442 3781 499 3827 tao.

172 3854 486 3923 bmmmmt

172 3938 192 4003 ὅ)
211 3943 290 3992 Puer.
309 3944 364 3994 Cat.
383 3947 447 3994 Min.
467 3952 508 3995 32.
544 3946 596 3997 Dio
619 3962 722 3999 cassius
741 3949 900 4000 XXXVIII.
922 3953 943 3998 7.

172 4024 192 4090 ⁴)
210 4027 299 4079 Deum.
317 4030 367 4079 111.
386 4046 410 4094 p.
430 4035 462 4079 32
480 4046 517 4096 sq.
536 4033 620 4098 ibique
637 4035 721 4098 pluras
738 4044 857 4084 auctores.

172 4106 192 4175 ἦ)
212 4111 278 4175 [Cro.
296 4128 320 4178 p.
339 4115 406 4164 Mur.
426 4120 458 4164 ³8
477 4116 490 4179 ti
508 4118 562 4178 at]
