2910 4950
693 364 737 427 88

208 582 296 652 „gae
319 566 577 645 intercesserunt,
601 588 659 653 per
685 587 763 651 quas
786 565 999 630 contentiones
1022 574 1107 629 totus
1129 565 1231 631 tribu·

208 685 331 754 „natus
352 675 419 739 eius
441 685 586 761 peractus
608 674 687 741 cst.’'
732 677 780 739 Ex
801 674 916 740 harum
931 696 1067 739 numero
1090 683 1160 739 erat
1177 675 1232 741 lex

209 784 364 869 quaedam
399 785 437 850 de
468 785 589 851 ambitu
623 786 670 851 uti
702 786 891 873 intelligitur
924 808 963 851 ex
993 786 1095 851 verbis
1125 809 1231 851 morus

209 914 308 961 ossen
333 898 377 986 ¹),
406 898 461 983 qui
479 898 568 964 dicit:
598 898 797 985 gravissimas
820 919 849 961 c.
874 919 1048 963 conantius
1072 908 1112 965 tr.
1131 898 1175 983 pl.
1199 897 1228 985 ²)

207 1009 344 1073 sanxisse
367 1032 483 1096 poenas
506 1010 716 1075 consentiente
735 1009 853 1095 populo
875 1009 908 1073 in
924 1031 992 1088 eos,
1018 1011 1073 1095 qui
1096 1009 1232 1075 ambitus

209 1118 339 1185 luissent
362 1122 505 1187 convicti.
537 1123 633 1187 Cuius
655 1122 733 1209 legis
752 1132 857 1185 tamen
876 1122 984 1186 Patres
1002 1131 1148 1187 auctores
1164 1121 1234 1187 fieri

208 1232 409 1312 recusabant,
434 1232 506 1298 freti
521 1233 592 1321 lege
611 1233 651 1297 ab
670 1232 780 1298 eodem
800 1254 958 1298 consumo
977 1233 1041 1298 lata
1058 1232 1110 1298 vel
1128 1234 1233 1319 potius

210 1345 356 1431 repetita,
381 1343 466 1430 quod
488 1355 581 1410 antea
602 1346 634 1409 in
658 1344 895 1410 desuetudinem
918 1344 1008 1424 abiit3
1038 1367 1152 1431 nempe
1175 1366 1233 1429 pa-

210 1465 274 1521 tres
304 1456 418 1522 debere
441 1456 549 1543 legum
572 1455 639 1521 fieri
662 1469 808 1523 auctores
829 1456 885 1530 ‘riv
907 1457 938 1522 δὲ
963 1456 1079 1534 βουλὴν
1105 1453 1231 1527 πάντως

210 1567 278 1647 περὶ
307 1570 408 1633 αὐτῶν
427 1568 711 1657 προβουλεύειν 3).;
734 1592 807 1634 cum
831 1590 895 1654 quo
919 1567 989 1632 loco
1012 1565 1234 1653 coniungenda

210 1688 285 1743 sunt
302 1679 399 1745 verba
414 1702 580 1745 crunxorus
599 1679 638 1745 ab
654 1702 791 1746 ascomo
814 1679 958 1765 expedita
972 1677 1019 1768 ⁴),
1044 1678 1099 1743 ubi
1117 1699 1234 1744 cronno

211 1788 286 1855 dicit
302 1815 336 1856 1v
356 1815 420 1857 esse
443 1792 552 1857 modos
575 1791 689 1878 quibus
711 1794 845 1857 Senatus
863 1789 982 1877 aliquid
1005 1799 1122 1855 statuat
1145 1811 1235 1854 more

211 1904 368 1968 maiorum
391 1903 430 1968 de
453 1903 592 1992 legibus:
616 1903 711 1989 idque
733 1906 877 1981 secando,
902 1924 984 1987 quae
1008 1901 1060 1967 lex
1082 1900 1146 1965 lata
1169 1922 1235 1966 esse

212 2013 351 2094 dicatur,
377 2038 414 2080 ea
436 2039 500 2081 non
520 2014 619 2080 videri
637 2014 792 2102 populum
815 2015 932 2092 teneri,
957 2012 1041 2099 quod
1060 2035 1090 2079 V.
1105 2035 1132 2079 c.
1152 2011 1236 2079 fece·

212 2135 289 2189 runt
314 2126 347 2190 in
371 2126 494 2215 legibus
521 2150 613 2192 nausa
642 2128 825 2205 Senatores,
854 2148 981 2191 eausam
1004 2132 1237 2211 praetextentes

212 2257 264 2301 eas
287 2259 352 2301 esse
375 2248 485 2303 contra
507 2238 646 2323 auspicia
669 2237 756 2303 latas.
803 2238 867 2302 Cur
885 2235 989 2322 legem
1009 2257 1160 2300 cosman
1178 2256 1236 2300 an·

213 2348 366 2433 tiquarint
388 2350 514 2428 Patres,
539 2370 594 2413 oro
616 2348 761 2435 exposuit
778 2346 799 2413 l.
813 2347 835 2414 l.
860 2347 977 2433 quippe
1000 2346 1084 2433 quod
1107 2346 1236 2411 atrocis-

213 2460 298 2523 simis
320 2461 486 2553 propositis
507 2458 684 2544 suppliciis,
714 2480 809 2523 nemo
833 2457 925 2523 facilc
947 2458 1156 2544 reperiretur,
1182 2456 1239 2542 qui

212 2590 283 2634 reos
305 2567 486 2647 damnaret,
510 2592 614 2654 neque
638 2570 692 2655 qui
715 2592 767 2633 eos
790 2578 966 2633 accusaret:
992 2568 1062 2634 οὔτε
1087 2570 1157 2639 τοὺς
1179 2591 1238 2632 και-

216 2680 491 2762 τκψηφιουμένους
523 2685 583 2745 τῶν
616 2679 786 2760 ὑπαιτίων,
819 2679 888 2745 οὔτε
913 2681 984 2752 τοὺς
1009 2680 1238 2761 κατηγερήσον-

215 2814 274 2863 rae
301 2791 361 2858 ἅτε
389 2792 442 2857 nal
467 2793 643 2868 ἀνηκέστων
670 2794 771 2858 αὐτῶν
797 2792 889 2857 ὄντων
927 2793 997 2880 (τῶν
1022 2789 1237 2879 πραγμάτων)

252 3026 462 3094 ¹JDrocxss1rs
481 3031 612 3082 XXXVI.
632 3037 673 3081 20.

251 3109 273 3177 ²}
291 3115 442 3165 Boucnxun
459 3129 536 3178 agens
553 3116 585 3163 do
602 3115 758 3165 severissima
774 3115 821 3165 hoc
841 3115 898 3178 lege
914 3114 1046 3164 tribunicia
1062 3111 1147 3163 scribit
1164 3115 1243 3164 ambi·

219 3203 274 3247 tum
296 3198 404 3247 multum
425 3199 531 3248 crevisse
552 3206 607 3262 post
630 3200 785 3250 tribunatum
807 3216 823 3249 a
843 3212 962 3250 rourum
979 3198 1128 3247 restitutum.
1164 3196 1245 3249 Cuius

219 3283 256 3330 rei
278 3290 363 3331 tamea
382 3283 481 3332 nullum
498 3281 570 3332 offert
586 3292 763 3347 argumentum
780 3284 832 3333 vid.
850 3298 890 3346 op.
905 3283 923 3331 1.
938 3296 962 3346 p.
979 3285 1037 3331 409.
1069 3280 1122 3330 D1o
1139 3294 1244 3333 casmus

219 3365 366 3415 XXXVII.
392 3370 433 3414 29.
473 3367 592 3417 Restituit
614 3382 745 3418 roxrrrcs
773 3367 932 3417 tribuniciam
959 3372 1106 3429 potestatem
1135 3381 1158 3414 a.
1177 3383 1202 3415 u.
1221 3383 1243 3417 c.

222 3453 281 3498 684.
300 3465 322 3498 a.
342 3449 370 3499 C.
392 3454 423 3500 to
440 3466 490 3516 quo
507 3468 575 3501 anno
592 3454 723 3502 consulatu
740 3451 840 3501 functus
857 3456 894 3499 est
912 3464 969 3498 cum
986 3462 1011 3497 ι».
1026 3462 1124 3498 memo
1137 3463 1243 3500 crasso

221 3535 281 3584 Lrv.
300 3535 346 3598 Ep.
367 3538 407 3583 97.
444 3537 529 3586 Vnrn.
547 3552 606 3586 mr.
624 3538 661 3586 11.
682 3542 724 3586 ³0.
761 3534 863 3596 Ascp
882 3545 925 3581 ox.
945 3535 985 3581 75.
1020 3530 1064 3580 Ps.
1083 3545 1138 3582 asc.
1156 3547 1181 3597 p.
1200 3548 1244 3584 on.

225 3623 282 3669 10³.
305 3622 361 3668 147.
378 3626 436 3669 cett.
471 3619 510 3671 ct.
534 3636 594 3671 vero
617 3633 666 3670 erc.
690 3621 717 3669 in
739 3620 813 3668 Verr.
835 3616 858 3665 1.
885 3621 924 3665 15.
942 3617 956 3678 5
975 3621 1016 3665 tt.
1052 3615 1120 3676 Quia
1143 3618 1245 3682 insuper

223 3712 323 3755 caverat
345 3718 443 3765 sunu,
467 3707 499 3756 tle
515 3707 559 3765 ils,
577 3707 622 3770 qui
642 3712 674 3754 tr.
691 3703 726 3768 pl.
743 3702 820 3752 suere.
838 3709 1149 3765 exposueruut3w1rr1cu
1167 3720 1207 3767 op.
1226 3704 1244 3755 l.

224 3805 249 3853 p.
273 3793 305 3837 58
330 3804 383 3854 sqq.
419 3791 614 3840 Vocxnsrnnnr
638 3803 662 3851 p.
690 3790 833 3836 lta-118.
869 3787 1244 3852 animem.ltep.1t0m.1.

224 3890 249 3938 p.
267 3877 327 3923 ³75.
345 3889 382 3938 sq.
418 3872 556 3933 Senonas,
575 3872 721 3925 I'olksvcrs.
740 3873 764 3921 a
782 3871 883 3923 rumor.
902 3888 927 3938 p.
949 3876 1004 3923 125.
1024 3879 1091 3925 nota

257 3954 278 4018 ³)
295 3958 348 4009 Dro
366 3971 435 4008 cass.
452 3957 471 4007 l.
485 3957 503 4007 l.

257 4039 278 4107 4)
296 4044 359 4093 Asc.
378 4059 402 4106 p.
421 4058 463 4093 ort
483 4046 524 4091 68.
