2910 4950
663 405 707 471 37

172 624 232 698 „st
250 614 335 704 leges
357 613 396 680 de
418 612 541 678 ambitu
562 609 706 677 consules
728 634 767 676 ex
790 611 976 677 auctoritate
999 613 1132 678 Senatus
1154 609 1194 678 sd

171 726 353 814 „populum
376 722 561 803 tulerunt,'’

214 838 299 925 apud
321 860 443 903 norrun
467 857 658 905 usscnnsurr
687 834 733 923 ¹):
766 857 850 901 ciro
874 835 945 924 lege
966 835 1082 901 Baebia
1112 857 1195 923 „pe-

170 951 323 1031 „cuniam
347 948 504 1037 inlargibo
528 945 624 1014 tibi.”

215 1060 300 1148 apud
323 1085 441 1127 rssros
461 1059 489 1148 ²)
514 1062 633 1145 Roqat,
658 1067 720 1124 est:
746 1058 882 1124 consulit
904 1057 1058 1146 populum
1071 1057 1121 1124 vel
1138 1079 1192 1145 pe·

170 1221 189 1255 „
199 1174 237 1238 tit
257 1172 297 1238 ab
319 1196 357 1239 eo
380 1183 416 1238 nt
437 1173 469 1238 id
492 1173 618 1249 sciscat,
648 1170 733 1257 quod
756 1171 853 1249 ferat,
879 1170 1044 1237 undenos
1067 1192 1195 1257 qnoque

170 1285 230 1366 „in
261 1282 486 1351 consuetudine
516 1283 669 1349 habemus
691 1304 750 1368 pro
773 1291 880 1369 petere
901 1290 934 1347 et
955 1304 1057 1348 orare.
1104 1283 1194 1346 Caro

125 1418 127 1422 ·
169 1395 230 1475 „in
260 1393 451 1459 dissuasione
478 1416 518 1458 ne
548 1393 600 1459 lex
629 1393 745 1458 Baebia
773 1390 982 1482 derogaretur
1010 1394 1073 1458 sit:
1105 1392 1196 1476 „hoo

140 1527 142 1533 ·
169 1504 301 1589 „potius
323 1525 435 1592 agam,
459 1503 544 1590 quod
567 1503 618 1568 hio
641 1513 734 1592 rogat
758 1503 821 1592 ³).''

214 1613 405 1678 Dissentiunt
433 1613 480 1677 uti
509 1612 634 1678 videtur
663 1612 723 1679 viri
748 1612 832 1679 docti
857 1613 896 1680 de
917 1614 1012 1681 huius
1035 1615 1113 1704 legis
1136 1637 1193 1681 au·

169 1724 323 1804 ctoribus,
344 1747 445 1810 quum
467 1723 521 1789 alii
540 1722 643 1812 legem
663 1725 830 1792 Aemiliam
850 1726 1016 1806 Baebiam,
1040 1726 1093 1792 alii
1112 1728 1194 1792 Cor-

168 1835 283 1903 neliam
318 1835 466 1902 Baebium
499 1835 689 1924 intelligant.
747 1838 842 1902 Cuius
875 1836 1062 1903 discriminis
1095 1859 1194 1903 unam

168 1957 293 2013 tantum
315 1946 406 2011 video
428 1969 569 2024 oausam,
593 1947 746 2013 nimirum
769 1947 855 2034 quod
878 1972 906 2016 a.
927 1972 960 2015 u.
980 1972 1007 2014 o.
1033 1949 1193 2015 5720011-
1223 2023 1224 2026 Ἴ

168 2058 251 2125 sules
274 2057 393 2123 luerint
421 2082 450 2124 ι.
475 2082 622 2124 summus
644 2081 798 2137 isumus,
823 2080 873 2124 cr.
898 2081 1027 2124 sossius
1050 2081 1194 2124 usurus-

170 2193 240 2248 sus,
263 2192 292 2235 a.
318 2191 349 2234 u.
373 2192 401 2235 c.
427 2170 491 2236 573
517 2191 592 2236 vero
614 2193 642 2237 r.
666 2191 840 2237 coarsuros
862 2192 1041 2249 sirannus,
1066 2194 1100 2238 ιι.
1119 2193 1195 2236 nns-

168 2303 236 2347 arus
260 2303 454 2359 rsuonmos,
479 2303 530 2350 en.
555 2305 661 2347 ssssn
684 2282 782 2348 frater
803 2281 845 2370 ⁴).

213 2393 327 2460 Tribus
358 2392 450 2473 loeis,
482 2417 561 2481 quos
590 2393 684 2461 modo
715 2393 842 2461 laudavi
877 2393 955 2482 legis
988 2393 1024 2459 lit
1057 2393 1193 2472 mentio,

168 2504 221 2572 sed
243 2505 288 2570 ita
311 2515 347 2572 ut
369 2529 481 2573 eorum
504 2504 630 2595 praeter
648 2508 828 2585 Liuianum,
853 2505 893 2571 ad
911 2506 1015 2595 legem
1035 2506 1195 2593 explican-

168 2615 240 2682 dam
263 2616 314 2682 vel
336 2616 556 2685 illustrandam
580 2621 633 2685 vix
655 2620 737 2686 ratio
759 2620 798 2685 sit
823 2617 979 2685 habenda.
1026 2619 1197 2684 Possumus

167 2749 226 2816 per
247 2727 418 2796 verborum
441 2753 554 2796 sonum
577 2730 629 2796 vel
652 2731 911 2818 significationem
936 2730 1096 2796 verisimili
1119 2751 1196 2794 con·

166 2841 289 2906 iectura
310 2841 433 2925 assequi
459 2841 566 2906 locum
590 2863 724 2906 coronis
747 2840 833 2927 apud
855 2863 977 2906 norrun
1001 2854 1194 2906 messinis

166 2950 326 3037 pertinere
348 2948 389 3014 ad
412 2949 515 3038 legem
548 2950 714 3031 Baebiam;
751 2950 882 3016 fortasse
914 2950 1024 3016 eodem
1059 2952 1196 3036 pertinet

168 3062 257 3128 loeus
278 3082 412 3127 csrosrs
436 3084 455 3127 a
478 3085 572 3129 sssro
601 3072 759 3142 servatus,
789 3084 871 3150 quas
900 3072 985 3128 certe
1014 3070 1061 3126 est
1090 3060 1197 3148 opinio

167 3174 310 3240 virorum
342 3172 526 3254 doctorum,
550 3174 604 3241 sed
624 3185 750 3262 praeter
777 3185 901 3262 tempus
923 3174 956 3240 in
981 3173 1066 3261 quod
1088 3171 1198 3240 incidit

72 3381 79 3391 .
178 3358 182 3365 ·
202 3329 417 3387 1ιΝοιι.Μιιιιο.
435 3330 500 3380 VII.
518 3345 542 3394 p.
562 3334 621 3380 sto.
639 3346 693 3382 voe
714 3329 784 3407 loryi.

171 3400 174 3405 ⁴
202 3411 224 3483 ²)
239 3416 340 3467 Fssros
357 3433 382 3481 p.
401 3421 461 3464 282.
480 3416 519 3465 sd
537 3420 652 3467 sisinn

203 3497 223 3565 ³)
241 3500 279 3551 Cf.
307 3517 407 3551 uersu
434 3501 523 3564 srsgm.
551 3508 613 3550 orat.
641 3516 665 3565 p.
691 3504 732 3550 88.
758 3501 798 3551 ed.
820 3505 872 3561 1¹0,
902 3502 946 3566 qui
972 3501 1035 3550 haoo
1061 3500 1196 3562 orationis,

167 3597 276 3634 erroris
302 3585 443 3648 fragmenta
469 3584 586 3633 adscribit
614 3584 761 3633 dissuasioni
788 3599 821 3634 ne
844 3584 888 3634 lox
912 3585 1009 3634 Baebio
1035 3585 1197 3646 derogarsnrr

167 3683 232 3733 quas
250 3675 304 3718 erut
317 3670 349 3718 ds
366 3669 520 3732 praetoribus
538 3669 651 3719 creandis
669 3669 727 3719 ista
746 3671 797 3720 vid.
815 3685 840 3736 p.
857 3675 891 3721 84
907 3672 947 3720 n0.
963 3673 1005 3721 87.
1020 3685 1044 3734 p.
1062 3675 1093 3720 85
1110 3669 1151 3720 n0.
1162 3673 1195 3718 88

168 3752 236 3817 spnd
252 3753 368 3802 eundem.
542 3756 548 3767 ‘

203 3833 224 3900 6)
240 3837 300 3887 Lis.
326 3837 385 3887 XL.
416 3839 447 3886 17
476 3835 493 3886 i.

202 3917 308 3969 Nullam
330 3919 404 3970 huius
423 3919 487 3983 logis
503 3923 658 3973 mentionem
676 3921 735 3973 facit
752 3922 824 3973 Doot.
841 3935 946 3972 sensns
965 3923 991 3972 in
1009 3930 1195 3985 programmate

168 4002 236 4066 quod
260 4004 352 4068 prodiit
378 4004 520 4054 Anolamas
547 4010 626 4058 isso:
654 4010 714 4060 Von
731 4008 780 4060 den
804 4007 967 4060 iiti'entlishen
990 4005 1127 4060 Geriohtsn
1150 4009 1195 4060 der

168 4087 262 4140 Bimer
278 4104 324 4140 sur
340 4089 394 4140 Zsit
412 4090 457 4140 der
475 4090 609 4154 Republik.
