<?xml version="1.0" encoding="UTF-8"?>
<!DOCTYPE html PUBLIC "-//W3C//DTD XHTML 1.0 Transitional//EN"
    "http://www.w3.org/TR/xhtml1/DTD/xhtml1-transitional.dtd">
<html xmlns="http://www.w3.org/1999/xhtml" xml:lang="en" lang="en">
 <head>
  <title>
</title>
<meta http-equiv="Content-Type" content="text/html;charset=utf-8" />
  <meta name='ocr-system' content='tesseract 3.04.00' />
  <meta name='ocr-capabilities' content='ocr_page ocr_carea ocr_par ocr_line ocrx_word'/>
</head>
<body>
  <div class='ocr_page' id='page_1' title='image "./disputatiodecri00rinkgoog_0107.png"; bbox 0 0 2910 4950; ppageno 0'>
   <div class='ocr_carea' id='block_1_1' title="bbox 700 392 743 456">
    <p class='ocr_par' dir='ltr' id='par_1_1' title="bbox 700 392 743 456">
     <span class='ocr_line' id='line_1_1' title="bbox 700 392 743 456; baseline 0 0"><span class='ocrx_word' id='word_1_1' title='bbox 700 392 743 456; x_wconf 82' lang='lat'><strong>90</strong></span> 
     </span>
    </p>
   </div>
   <div class='ocr_carea' id='block_1_2' title="bbox 208 593 1241 3455">
    <p class='ocr_par' dir='ltr' id='par_1_2' title="bbox 208 593 1241 1668">
     <span class='ocr_line' id='line_1_2' title="bbox 209 593 1241 681; baseline -0.003 -15"><span class='ocrx_word' id='word_1_2' title='bbox 209 601 316 667; x_wconf 85' lang='lat' dir='ltr'><strong>mitate</strong></span> <span class='ocrx_word' id='word_1_3' title='bbox 345 619 461 663; x_wconf 71' lang='lat' dir='ltr'><strong>sununs</strong></span> <span class='ocrx_word' id='word_1_4' title='bbox 490 604 523 660; x_wconf 90' lang='lat' dir='ltr'><strong>et</strong></span> <span class='ocrx_word' id='word_1_5' title='bbox 550 617 727 674; x_wconf 67' lang='grc' dir='ltr'><strong>τωρωι,</strong></span> <span class='ocrx_word' id='word_1_6' title='bbox 751 615 822 659; x_wconf 90' lang='lat' dir='ltr'><strong>mea</strong></span> <span class='ocrx_word' id='word_1_7' title='bbox 844 593 971 681; x_wconf 87' lang='lat' dir='ltr'><strong>quidem</strong></span> <span class='ocrx_word' id='word_1_8' title='bbox 997 595 1144 679; x_wconf 86' lang='lat' dir='ltr'><strong>opinione</strong></span> <span class='ocrx_word' id='word_1_9' title='bbox 1165 604 1241 663; x_wconf 79' lang='lat' dir='ltr'><strong>non&#39;</strong></span> 
     </span>
     <span class='ocr_line' id='line_1_3' title="bbox 209 706 1233 799; baseline -0.004 -21"><span class='ocrx_word' id='word_1_10' title='bbox 209 721 349 799; x_wconf 87' lang='lat' dir='ltr'><strong>apparet.</strong></span> <span class='ocrx_word' id='word_1_11' title='bbox 395 712 495 775; x_wconf 91' lang='lat' dir='ltr'><strong>Porro</strong></span> <span class='ocrx_word' id='word_1_12' title='bbox 525 706 715 774; x_wconf 86' lang='lat' dir='ltr'><strong>conferenda</strong></span> <span class='ocrx_word' id='word_1_13' title='bbox 741 718 831 786; x_wconf 84' lang='lat' dir='ltr'><strong>sunt,</strong></span> <span class='ocrx_word' id='word_1_14' title='bbox 856 728 938 793; x_wconf 84' lang='lat' dir='ltr'><strong>quae</strong></span> <span class='ocrx_word' id='word_1_15' title='bbox 960 728 1077 771; x_wconf 81' lang='lat' dir='ltr'><strong>cronno</strong></span> <span class='ocrx_word' id='word_1_16' title='bbox 1101 706 1176 772; x_wconf 91' lang='lat' dir='ltr'><strong>dicit</strong></span> <span class='ocrx_word' id='word_1_17' title='bbox 1197 709 1233 774; x_wconf 89' lang='lat' dir='ltr'><strong>in</strong></span> 
     </span>
     <span class='ocr_line' id='line_1_4' title="bbox 208 818 1234 909; baseline -0.001 -20"><span class='ocrx_word' id='word_1_18' title='bbox 208 826 297 889; x_wconf 84' lang='lat' dir='ltr'><strong>Orat.</strong></span> <span class='ocrx_word' id='word_1_19' title='bbox 332 824 365 887; x_wconf 91' lang='lat' dir='ltr'><strong>in</strong></span> <span class='ocrx_word' id='word_1_20' title='bbox 399 832 474 909; x_wconf 82' lang='lat' dir='ltr'><strong>toga</strong></span> <span class='ocrx_word' id='word_1_21' title='bbox 500 818 638 884; x_wconf 84' lang='lat' dir='ltr'><strong>Candida</strong></span> <span class='ocrx_word' id='word_1_22' title='bbox 664 818 690 908; x_wconf 76' lang='grc'><strong>1)</strong></span> <span class='ocrx_word' id='word_1_23' title='bbox 728 818 807 901; x_wconf 92' lang='lat' dir='ltr'><strong>„sed</strong></span> <span class='ocrx_word' id='word_1_24' title='bbox 829 842 890 906; x_wconf 84' lang='lat' dir='ltr'><strong>ego</strong></span> <span class='ocrx_word' id='word_1_25' title='bbox 912 842 950 884; x_wconf 87' lang='lat' dir='ltr'><strong>ca</strong></span> <span class='ocrx_word' id='word_1_26' title='bbox 972 820 1044 907; x_wconf 86' lang='lat' dir='ltr'><strong>lege</strong></span> <span class='ocrx_word' id='word_1_27' title='bbox 1066 831 1234 889; x_wconf 80' lang='lat' dir='ltr'><strong>contentus</strong></span> 
     </span>
     <span class='ocr_line' id='line_1_5' title="bbox 208 930 1234 1018; baseline 0 -18"><span class='ocrx_word' id='word_1_28' title='bbox 208 957 321 1018; x_wconf 89' lang='lat' dir='ltr'><strong>„sum‚</strong></span> <span class='ocrx_word' id='word_1_29' title='bbox 347 956 410 1018; x_wconf 89' lang='lat' dir='ltr'><strong>qua</strong></span> <span class='ocrx_word' id='word_1_30' title='bbox 432 932 511 997; x_wconf 90' lang='lat' dir='ltr'><strong>duos</strong></span> <span class='ocrx_word' id='word_1_31' title='bbox 534 930 677 998; x_wconf 85' lang='lat' dir='ltr'><strong>consules</strong></span> <span class='ocrx_word' id='word_1_32' title='bbox 700 930 877 1018; x_wconf 86' lang='lat' dir='ltr'><strong>designatos</strong></span> <span class='ocrx_word' id='word_1_33' title='bbox 899 954 965 996; x_wconf 91' lang='lat' dir='ltr'><strong>uno</strong></span> <span class='ocrx_word' id='word_1_34' title='bbox 983 941 1124 1018; x_wconf 85' lang='lat' dir='ltr'><strong>tempore</strong></span> <span class='ocrx_word' id='word_1_35' title='bbox 1143 931 1234 1000; x_wconf 89' lang='lat' dir='ltr'><strong>dam-</strong></span> 
     </span>
     <span class='ocr_line' id='line_1_6' title="bbox 209 1043 1236 1130; baseline 0.001 -20"><span class='ocrx_word' id='word_1_36' title='bbox 209 1047 306 1130; x_wconf 86' lang='lat' dir='ltr'><strong>„nari</strong></span> <span class='ocrx_word' id='word_1_37' title='bbox 330 1043 497 1110; x_wconf 74' lang='lat' dir='ltr'><strong>t·idimus.”</strong></span> <span class='ocrx_word' id='word_1_38' title='bbox 540 1045 692 1108; x_wconf 79' lang='lat' dir='ltr'><strong>Sroonrus</strong></span> <span class='ocrx_word' id='word_1_39' title='bbox 710 1066 768 1107; x_wconf 84' lang='lat' dir='ltr'><strong>suo</strong></span> <span class='ocrx_word' id='word_1_40' title='bbox 786 1046 884 1108; x_wconf 83' lang='lat' dir='ltr'><strong>Marte</strong></span> <span class='ocrx_word' id='word_1_41' title='bbox 902 1043 994 1108; x_wconf 91' lang='lat' dir='ltr'><strong>nulla</strong></span> <span class='ocrx_word' id='word_1_42' title='bbox 1012 1044 1117 1110; x_wconf 85' lang='lat' dir='ltr'><strong>addita</strong></span> <span class='ocrx_word' id='word_1_43' title='bbox 1139 1068 1236 1111; x_wconf 85' lang='lat' dir='ltr'><strong>causa</strong></span> 
     </span>
     <span class='ocr_line' id='line_1_7' title="bbox 208 1132 1235 1244; baseline 0.001 -23"><span class='ocrx_word' id='word_1_44' title='bbox 208 1155 425 1244; x_wconf 85' lang='lat' dir='ltr'><strong>fragmentum</strong></span> <span class='ocrx_word' id='word_1_45' title='bbox 446 1154 527 1219; x_wconf 93' lang='lat' dir='ltr'><strong>illud</strong></span> <span class='ocrx_word' id='word_1_46' title='bbox 549 1132 593 1220; x_wconf 89' lang='lat' dir='ltr'><strong>sic</strong></span> <span class='ocrx_word' id='word_1_47' title='bbox 615 1154 768 1240; x_wconf 86' lang='lat' dir='ltr'><strong>explevit:</strong></span> <span class='ocrx_word' id='word_1_48' title='bbox 794 1153 822 1242; x_wconf 68' lang='grc'><strong>2)</strong></span> <span class='ocrx_word' id='word_1_49' title='bbox 848 1177 949 1237; x_wconf 83' lang='lat' dir='ltr'><strong>„cum</strong></span> <span class='ocrx_word' id='word_1_50' title='bbox 971 1155 1126 1221; x_wconf 86' lang='lat' dir='ltr'><strong>ambitum</strong></span> <span class='ocrx_word' id='word_1_51' title='bbox 1149 1157 1235 1223; x_wconf 89' lang='lat' dir='ltr'><strong>vide-</strong></span> 
     </span>
     <span class='ocr_line' id='line_1_8' title="bbox 208 1265 1237 1353; baseline 0.003 -20"><span class='ocrx_word' id='word_1_52' title='bbox 208 1278 284 1351; x_wconf 85' lang='lat' dir='ltr'><strong>„ret</strong></span> <span class='ocrx_word' id='word_1_53' title='bbox 306 1269 340 1334; x_wconf 91' lang='lat' dir='ltr'><strong>P.</strong></span> <span class='ocrx_word' id='word_1_54' title='bbox 364 1270 402 1335; x_wconf 87' lang='lat' dir='ltr'><strong>R.</strong></span> <span class='ocrx_word' id='word_1_55' title='bbox 426 1275 494 1331; x_wconf 89' lang='lat' dir='ltr'><strong>eta</strong></span> <span class='ocrx_word' id='word_1_56' title='bbox 517 1275 557 1330; x_wconf 90' lang='lat' dir='ltr'><strong>tr.</strong></span> <span class='ocrx_word' id='word_1_57' title='bbox 582 1265 625 1352; x_wconf 93' lang='lat' dir='ltr'><strong>pl.</strong></span> <span class='ocrx_word' id='word_1_58' title='bbox 651 1265 836 1343; x_wconf 83' lang='lat' dir='ltr'><strong>doceretur,</strong></span> <span class='ocrx_word' id='word_1_59' title='bbox 860 1265 919 1329; x_wconf 90' lang='lat' dir='ltr'><strong>nisi</strong></span> <span class='ocrx_word' id='word_1_60' title='bbox 939 1289 1041 1353; x_wconf 87' lang='lat' dir='ltr'><strong>poena</strong></span> <span class='ocrx_word' id='word_1_61' title='bbox 1058 1271 1237 1336; x_wconf 83' lang='lat' dir='ltr'><strong>accessisset</strong></span> 
     </span>
     <span class='ocr_line' id='line_1_9' title="bbox 208 1375 1237 1465; baseline 0.004 -21"><span class='ocrx_word' id='word_1_62' title='bbox 208 1381 267 1462; x_wconf 90' lang='lat' dir='ltr'><strong>„in</strong></span> <span class='ocrx_word' id='word_1_63' title='bbox 298 1379 446 1444; x_wconf 86' lang='lat' dir='ltr'><strong>divisores</strong></span> <span class='ocrx_word' id='word_1_64' title='bbox 475 1378 634 1465; x_wconf 81' lang='lat' dir='ltr'><strong>exstingui</strong></span> <span class='ocrx_word' id='word_1_65' title='bbox 665 1377 758 1442; x_wconf 90' lang='lat' dir='ltr'><strong>nullo</strong></span> <span class='ocrx_word' id='word_1_66' title='bbox 788 1375 882 1442; x_wconf 91' lang='lat' dir='ltr'><strong>modo</strong></span> <span class='ocrx_word' id='word_1_67' title='bbox 912 1378 1022 1464; x_wconf 86' lang='lat' dir='ltr'><strong>possc&#39;’</strong></span> <span class='ocrx_word' id='word_1_68' title='bbox 1054 1389 1126 1446; x_wconf 84' lang='lat' dir='ltr'><strong>cett.</strong></span> <span class='ocrx_word' id='word_1_69' title='bbox 1172 1381 1237 1448; x_wconf 84' lang='lat' dir='ltr'><strong>Sed</strong></span> 
     </span>
     <span class='ocr_line' id='line_1_10' title="bbox 209 1488 1236 1578; baseline 0.003 -24"><span class='ocrx_word' id='word_1_70' title='bbox 209 1492 279 1578; x_wconf 89' lang='lat' dir='ltr'><strong>quis</strong></span> <span class='ocrx_word' id='word_1_71' title='bbox 319 1490 375 1554; x_wconf 89' lang='lat' dir='ltr'><strong>tuli</strong></span> <span class='ocrx_word' id='word_1_72' title='bbox 415 1488 501 1554; x_wconf 91' lang='lat' dir='ltr'><strong>modi</strong></span> <span class='ocrx_word' id='word_1_73' title='bbox 540 1511 650 1554; x_wconf 77' lang='lat' dir='ltr'><strong>veram</strong></span> <span class='ocrx_word' id='word_1_74' title='bbox 684 1510 851 1554; x_wconf 80' lang='lat' dir='ltr'><strong>crunnoms</strong></span> <span class='ocrx_word' id='word_1_75' title='bbox 890 1512 1021 1577; x_wconf 83' lang='lat' dir='ltr'><strong>manum</strong></span> <span class='ocrx_word' id='word_1_76' title='bbox 1058 1491 1236 1558; x_wconf 84' lang='lat' dir='ltr'><strong>restitutam</strong></span> 
     </span>
     <span class='ocr_line' id='line_1_11' title="bbox 209 1600 426 1668; baseline -0.014 0"><span class='ocrx_word' id='word_1_77' title='bbox 209 1625 274 1668; x_wconf 84' lang='lat' dir='ltr'><strong>esso</strong></span> <span class='ocrx_word' id='word_1_78' title='bbox 297 1600 426 1666; x_wconf 89' lang='lat' dir='ltr'><strong>credet?</strong></span> 
     </span>
    </p>

    <p class='ocr_par' dir='ltr' id='par_1_3' title="bbox 208 1711 1240 2362">
     <span class='ocr_line' id='line_1_12' title="bbox 253 1711 1238 1800; baseline 0.002 -22"><span class='ocrx_word' id='word_1_79' title='bbox 253 1714 357 1778; x_wconf 80' lang='lat' dir='ltr'><strong>Aliam</strong></span> <span class='ocrx_word' id='word_1_80' title='bbox 382 1712 457 1777; x_wconf 91' lang='lat' dir='ltr'><strong>tulit</strong></span> <span class='ocrx_word' id='word_1_81' title='bbox 478 1711 582 1800; x_wconf 83' lang='lat' dir='ltr'><strong>legem</strong></span> <span class='ocrx_word' id='word_1_82' title='bbox 604 1734 796 1793; x_wconf 79' lang='lat' dir='ltr'><strong>connnnrus,</strong></span> <span class='ocrx_word' id='word_1_83' title='bbox 821 1735 903 1798; x_wconf 85' lang='lat' dir='ltr'><strong>quae</strong></span> <span class='ocrx_word' id='word_1_84' title='bbox 926 1722 1036 1779; x_wconf 87' lang='lat' dir='ltr'><strong>contra</strong></span> <span class='ocrx_word' id='word_1_85' title='bbox 1059 1713 1238 1780; x_wconf 86' lang='lat' dir='ltr'><strong>ambitiosos</strong></span> 
     </span>
     <span class='ocr_line' id='line_1_13' title="bbox 209 1824 1238 1912; baseline -0.001 -20"><span class='ocrx_word' id='word_1_86' title='bbox 209 1826 269 1893; x_wconf 84' lang='lat' dir='ltr'><strong>fuit</strong></span> <span class='ocrx_word' id='word_1_87' title='bbox 295 1835 455 1912; x_wconf 87' lang='lat' dir='ltr'><strong>praetorcs</strong></span> <span class='ocrx_word' id='word_1_88' title='bbox 485 1834 518 1889; x_wconf 87' lang='lat' dir='ltr'><strong>et</strong></span> <span class='ocrx_word' id='word_1_89' title='bbox 538 1824 579 1889; x_wconf 86' lang='lat' dir='ltr'><strong>ad</strong></span> <span class='ocrx_word' id='word_1_90' title='bbox 597 1834 738 1889; x_wconf 87' lang='lat' dir='ltr'><strong>nostram</strong></span> <span class='ocrx_word' id='word_1_91' title='bbox 762 1825 977 1912; x_wconf 87' lang='lat' dir='ltr'><strong>quaestionem</strong></span> <span class='ocrx_word' id='word_1_92' title='bbox 1002 1825 1122 1912; x_wconf 87' lang='lat' dir='ltr'><strong>aliquid</strong></span> <span class='ocrx_word' id='word_1_93' title='bbox 1145 1825 1238 1905; x_wconf 77' lang='lat' dir='ltr'><strong>facit3</strong></span> 
     </span>
     <span class='ocr_line' id='line_1_14' title="bbox 208 1936 1239 2024; baseline 0.002 -22"><span class='ocrx_word' id='word_1_94' title='bbox 208 1960 323 2023; x_wconf 86' lang='lat' dir='ltr'><strong>nempe</strong></span> <span class='ocrx_word' id='word_1_95' title='bbox 355 1936 445 2014; x_wconf 90' lang='lat' dir='ltr'><strong>tulit,</strong></span> <span class='ocrx_word' id='word_1_96' title='bbox 480 1986 499 2018; x_wconf 90' lang='lat'><strong>,‚</strong></span> <span class='ocrx_word' id='word_1_97' title='bbox 508 1937 565 2001; x_wconf 83' lang='lat' dir='ltr'><strong>etsi</strong></span> <span class='ocrx_word' id='word_1_98' title='bbox 594 1959 688 2001; x_wconf 87' lang='lat' dir='ltr'><strong>nemo</strong></span> <span class='ocrx_word' id='word_1_99' title='bbox 716 1958 898 2024; x_wconf 85' lang='lat' dir='ltr'><strong>repugnare</strong></span> <span class='ocrx_word' id='word_1_100' title='bbox 927 1959 1023 2002; x_wconf 88' lang='lat' dir='ltr'><strong>ausus</strong></span> <span class='ocrx_word' id='word_1_101' title='bbox 1053 1947 1101 2003; x_wconf 89' lang='lat' dir='ltr'><strong>cst</strong></span> <span class='ocrx_word' id='word_1_102' title='bbox 1130 1938 1239 2004; x_wconf 78' lang='lat' dir='ltr'><strong>multis</strong></span> 
     </span>
     <span class='ocr_line' id='line_1_15' title="bbox 208 2046 1240 2135; baseline 0.002 -22"><span class='ocrx_word' id='word_1_103' title='bbox 208 2058 343 2132; x_wconf 81' lang='lat' dir='ltr'><strong>„tamen</strong></span> <span class='ocrx_word' id='word_1_104' title='bbox 377 2048 497 2126; x_wconf 87' lang='lat' dir='ltr'><strong>invitis,</strong></span> <span class='ocrx_word' id='word_1_105' title='bbox 529 2059 566 2112; x_wconf 91' lang='lat' dir='ltr'><strong>ut</strong></span> <span class='ocrx_word' id='word_1_106' title='bbox 595 2058 754 2134; x_wconf 86' lang='lat' dir='ltr'><strong>praetores</strong></span> <span class='ocrx_word' id='word_1_107' title='bbox 784 2071 824 2112; x_wconf 86' lang='lat' dir='ltr'><strong>ex</strong></span> <span class='ocrx_word' id='word_1_108' title='bbox 850 2046 957 2113; x_wconf 90' lang='lat' dir='ltr'><strong>edictis</strong></span> <span class='ocrx_word' id='word_1_109' title='bbox 986 2048 1050 2114; x_wconf 84' lang='lat' dir='ltr'><strong>suis</strong></span> <span class='ocrx_word' id='word_1_110' title='bbox 1079 2050 1240 2135; x_wconf 80' lang='lat' dir='ltr'><strong>perpetuis</strong></span> 
     </span>
     <span class='ocr_line' id='line_1_16' title="bbox 210 2159 1239 2247; baseline 0.003 -23"><span class='ocrx_word' id='word_1_111' title='bbox 210 2161 285 2243; x_wconf 87' lang='lat' dir='ltr'><strong>„ius</strong></span> <span class='ocrx_word' id='word_1_112' title='bbox 324 2159 481 2236; x_wconf 89' lang='lat' dir='ltr'><strong>dicerent,</strong></span> <span class='ocrx_word' id='word_1_113' title='bbox 521 2181 602 2244; x_wconf 86' lang='lat' dir='ltr'><strong>quae</strong></span> <span class='ocrx_word' id='word_1_114' title='bbox 636 2182 686 2224; x_wconf 88' lang='lat' dir='ltr'><strong>res</strong></span> <span class='ocrx_word' id='word_1_115' title='bbox 720 2169 868 2225; x_wconf 87' lang='lat' dir='ltr'><strong>cunctam</strong></span> <span class='ocrx_word' id='word_1_116' title='bbox 901 2161 1037 2247; x_wconf 83' lang='lat' dir='ltr'><strong>gratiam</strong></span> <span class='ocrx_word' id='word_1_117' title='bbox 1073 2161 1239 2227; x_wconf 64' lang='lat' dir='ltr'><strong>ambitione</strong></span> 
     </span>
     <span class='ocr_line' id='line_1_17' title="bbox 211 2269 1235 2362; baseline 0.004 -28"><span class='ocrx_word' id='word_1_118' title='bbox 211 2269 447 2357; x_wconf 85' lang='lat' dir='ltr'><strong>„praetoribus,</strong></span> <span class='ocrx_word' id='word_1_119' title='bbox 479 2270 533 2354; x_wconf 93' lang='lat' dir='ltr'><strong>qui</strong></span> <span class='ocrx_word' id='word_1_120' title='bbox 560 2270 646 2334; x_wconf 83' lang='lat' dir='ltr'><strong>varic</strong></span> <span class='ocrx_word' id='word_1_121' title='bbox 675 2271 724 2334; x_wconf 88' lang='lat' dir='ltr'><strong>ius</strong></span> <span class='ocrx_word' id='word_1_122' title='bbox 746 2270 851 2336; x_wconf 88' lang='lat' dir='ltr'><strong>dicere</strong></span> <span class='ocrx_word' id='word_1_123' title='bbox 869 2270 1013 2337; x_wconf 86' lang='lat' dir='ltr'><strong>solebant</strong></span> <span class='ocrx_word' id='word_1_124' title='bbox 1031 2272 1191 2339; x_wconf 85' lang='lat' dir='ltr'><strong>sustulit.”</strong></span> <span class='ocrx_word' id='word_1_125' title='bbox 1206 2273 1235 2362; x_wconf 80' lang='lat'><strong>⁸)</strong></span> 
     </span>
    </p>

    <p class='ocr_par' dir='ltr' id='par_1_4' title="bbox 209 2378 1240 3021">
     <span class='ocr_line' id='line_1_18' title="bbox 255 2378 1240 2467; baseline 0.004 -21"><span class='ocrx_word' id='word_1_126' title='bbox 255 2378 423 2463; x_wconf 87' lang='lat' dir='ltr'><strong>Quomodo</strong></span> <span class='ocrx_word' id='word_1_127' title='bbox 454 2378 586 2446; x_wconf 88' lang='lat' dir='ltr'><strong>fecerint</strong></span> <span class='ocrx_word' id='word_1_128' title='bbox 616 2390 776 2467; x_wconf 84' lang='lat' dir='ltr'><strong>praetores</strong></span> <span class='ocrx_word' id='word_1_129' title='bbox 807 2382 840 2445; x_wconf 94' lang='lat' dir='ltr'><strong>in</strong></span> <span class='ocrx_word' id='word_1_130' title='bbox 867 2382 939 2447; x_wconf 89' lang='lat' dir='ltr'><strong>inre</strong></span> <span class='ocrx_word' id='word_1_131' title='bbox 968 2381 1107 2448; x_wconf 90' lang='lat' dir='ltr'><strong>dicundo</strong></span> <span class='ocrx_word' id='word_1_132' title='bbox 1138 2393 1240 2450; x_wconf 81' lang='lat' dir='ltr'><strong>exstat</strong></span> 
     </span>
     <span class='ocr_line' id='line_1_19' title="bbox 210 2491 1239 2581; baseline 0.002 -22"><span class='ocrx_word' id='word_1_133' title='bbox 210 2493 296 2580; x_wconf 90' lang='lat' dir='ltr'><strong>apud</strong></span> <span class='ocrx_word' id='word_1_134' title='bbox 319 2514 439 2559; x_wconf 77' lang='lat' dir='ltr'><strong>moran</strong></span> <span class='ocrx_word' id='word_1_135' title='bbox 462 2515 592 2559; x_wconf 65' lang='lat' dir='ltr'><strong>cessrunt</strong></span> <span class='ocrx_word' id='word_1_136' title='bbox 613 2516 654 2559; x_wconf 88' lang='lat' dir='ltr'><strong>ex</strong></span> <span class='ocrx_word' id='word_1_137' title='bbox 675 2515 740 2579; x_wconf 92' lang='lat' dir='ltr'><strong>quo</strong></span> <span class='ocrx_word' id='word_1_138' title='bbox 759 2491 830 2559; x_wconf 90' lang='lat' dir='ltr'><strong>loco</strong></span> <span class='ocrx_word' id='word_1_139' title='bbox 848 2494 944 2558; x_wconf 88' lang='lat' dir='ltr'><strong>etiam</strong></span> <span class='ocrx_word' id='word_1_140' title='bbox 962 2514 1115 2580; x_wconf 76' lang='lat' dir='ltr'><strong>apparere</strong></span> <span class='ocrx_word' id='word_1_141' title='bbox 1135 2504 1239 2581; x_wconf 84' lang='lat' dir='ltr'><strong>potest</strong></span> 
     </span>
     <span class='ocr_line' id='line_1_20' title="bbox 209 2603 1240 2694; baseline 0.004 -25"><span class='ocrx_word' id='word_1_142' title='bbox 209 2603 293 2670; x_wconf 86' lang='lat' dir='ltr'><strong>hano</strong></span> <span class='ocrx_word' id='word_1_143' title='bbox 325 2604 429 2694; x_wconf 84' lang='lat' dir='ltr'><strong>legem</strong></span> <span class='ocrx_word' id='word_1_144' title='bbox 463 2604 561 2671; x_wconf 88' lang='lat' dir='ltr'><strong>latam</strong></span> <span class='ocrx_word' id='word_1_145' title='bbox 590 2603 728 2670; x_wconf 85' lang='lat' dir='ltr'><strong>multum</strong></span> <span class='ocrx_word' id='word_1_146' title='bbox 759 2603 913 2690; x_wconf 83' lang='lat' dir='ltr'><strong>profuisse</strong></span> <span class='ocrx_word' id='word_1_147' title='bbox 942 2605 1020 2670; x_wconf 88' lang='lat' dir='ltr'><strong>iuris</strong></span> <span class='ocrx_word' id='word_1_148' title='bbox 1049 2605 1177 2672; x_wconf 88' lang='lat' dir='ltr'><strong>dictioni</strong></span> <span class='ocrx_word' id='word_1_149' title='bbox 1207 2616 1240 2673; x_wconf 90' lang='lat' dir='ltr'><strong>et</strong></span> 
     </span>
     <span class='ocr_line' id='line_1_21' title="bbox 209 2714 1239 2803; baseline 0.003 -23"><span class='ocrx_word' id='word_1_150' title='bbox 209 2717 269 2803; x_wconf 92' lang='lat' dir='ltr'><strong>ipsi</strong></span> <span class='ocrx_word' id='word_1_151' title='bbox 298 2718 377 2797; x_wconf 89' lang='lat' dir='ltr'><strong>iuri,</strong></span> <span class='ocrx_word' id='word_1_152' title='bbox 401 2739 476 2783; x_wconf 88' lang='lat' dir='ltr'><strong>nam</strong></span> <span class='ocrx_word' id='word_1_153' title='bbox 499 2716 666 2783; x_wconf 87' lang='lat' dir='ltr'><strong>mutabant</strong></span> <span class='ocrx_word' id='word_1_154' title='bbox 687 2714 790 2781; x_wconf 86' lang='lat' dir='ltr'><strong>multa</strong></span> <span class='ocrx_word' id='word_1_155' title='bbox 811 2726 972 2803; x_wconf 85' lang='lat' dir='ltr'><strong>praetores</strong></span> <span class='ocrx_word' id='word_1_156' title='bbox 994 2738 1052 2803; x_wconf 87' lang='lat' dir='ltr'><strong>pro</strong></span> <span class='ocrx_word' id='word_1_157' title='bbox 1073 2740 1131 2783; x_wconf 83' lang='lat' dir='ltr'><strong>suo</strong></span> <span class='ocrx_word' id='word_1_158' title='bbox 1153 2717 1239 2783; x_wconf 90' lang='lat' dir='ltr'><strong>arbi·</strong></span> 
     </span>
     <span class='ocr_line' id='line_1_22' title="bbox 209 2826 1236 2915; baseline 0.002 -23"><span class='ocrx_word' id='word_1_159' title='bbox 209 2828 271 2893; x_wconf 88' lang='lat' dir='ltr'><strong>trio</strong></span> <span class='ocrx_word' id='word_1_160' title='bbox 294 2826 451 2900; x_wconf 68' lang='grc' dir='ltr'><strong>πολλάκις</strong></span> <span class='ocrx_word' id='word_1_161' title='bbox 475 2828 562 2893; x_wconf 67' lang='grc' dir='ltr'><strong>αὐτὰ</strong></span> <span class='ocrx_word' id='word_1_162' title='bbox 581 2826 785 2911; x_wconf 65' lang='grc' dir='ltr'><strong>μετέγρκφον</strong></span> <span class='ocrx_word' id='word_1_163' title='bbox 811 2826 906 2915; x_wconf 89' lang='lat' dir='ltr'><strong>idque</strong></span> <span class='ocrx_word' id='word_1_164' title='bbox 931 2830 1004 2911; x_wconf 77' lang='grc' dir='ltr'><strong>πρὸς</strong></span> <span class='ocrx_word' id='word_1_165' title='bbox 1028 2827 1121 2912; x_wconf 68' lang='grc' dir='ltr'><em>χάριν</em></span> <span class='ocrx_word' id='word_1_166' title='bbox 1143 2828 1161 2904; x_wconf 77' lang='grc' dir='ltr'>ἢ</span> <span class='ocrx_word' id='word_1_167' title='bbox 1180 2829 1236 2894; x_wconf 63' lang='grc' dir='ltr'><strong>καὶ</strong></span> 
     </span>
     <span class='ocr_line' id='line_1_23' title="bbox 209 2936 548 3021; baseline 0 -18"><span class='ocrx_word' id='word_1_168' title='bbox 209 2941 282 3003; x_wconf 69' lang='grc' dir='ltr'><strong>κατ’</strong></span> <span class='ocrx_word' id='word_1_169' title='bbox 307 2936 421 3021; x_wconf 67' lang='grc' dir='ltr'><strong><em>ἔχθραν</em></strong></span> <span class='ocrx_word' id='word_1_170' title='bbox 449 2944 548 3004; x_wconf 71' lang='grc' dir='ltr'><strong><em>τινῶν.</em></strong></span> 
     </span>
    </p>

    <p class='ocr_par' dir='ltr' id='par_1_5' title="bbox 209 3049 1239 3341">
     <span class='ocr_line' id='line_1_24' title="bbox 254 3049 1239 3140; baseline 0.006 -26"><span class='ocrx_word' id='word_1_171' title='bbox 254 3051 360 3132; x_wconf 87' lang='lat' dir='ltr'><strong>Quam</strong></span> <span class='ocrx_word' id='word_1_172' title='bbox 383 3049 596 3116; x_wconf 84' lang='lat' dir='ltr'><strong>vehementer</strong></span> <span class='ocrx_word' id='word_1_173' title='bbox 608 3050 765 3117; x_wconf 88' lang='lat' dir='ltr'><strong>ambirent</strong></span> <span class='ocrx_word' id='word_1_174' title='bbox 786 3074 824 3117; x_wconf 87' lang='lat' dir='ltr'><strong>eo</strong></span> <span class='ocrx_word' id='word_1_175' title='bbox 846 3063 989 3140; x_wconf 88' lang='lat' dir='ltr'><strong>tempore</strong></span> <span class='ocrx_word' id='word_1_176' title='bbox 1009 3054 1146 3117; x_wconf 84' lang='lat' dir='ltr'><strong>Romani</strong></span> <span class='ocrx_word' id='word_1_177' title='bbox 1165 3051 1239 3120; x_wconf 83' lang='lat' dir='ltr'><strong>inde</strong></span> 
     </span>
     <span class='ocr_line' id='line_1_25' title="bbox 209 3162 1236 3253; baseline 0.004 -25"><span class='ocrx_word' id='word_1_178' title='bbox 209 3173 311 3250; x_wconf 88' lang='lat' dir='ltr'><strong>potest</strong></span> <span class='ocrx_word' id='word_1_179' title='bbox 333 3162 440 3251; x_wconf 87' lang='lat' dir='ltr'><strong>colligi</strong></span> <span class='ocrx_word' id='word_1_180' title='bbox 464 3162 550 3250; x_wconf 90' lang='lat' dir='ltr'><strong>qnod</strong></span> <span class='ocrx_word' id='word_1_181' title='bbox 568 3164 652 3230; x_wconf 86' lang='lat' dir='ltr'><strong>intra</strong></span> <span class='ocrx_word' id='word_1_182' title='bbox 670 3166 924 3253; x_wconf 89' lang='lat' dir='ltr'><strong>quinquennium</strong></span> <span class='ocrx_word' id='word_1_183' title='bbox 942 3166 1003 3235; x_wconf 84' lang='lat' dir='ltr'><strong>VII</strong></span> <span class='ocrx_word' id='word_1_184' title='bbox 1021 3163 1108 3253; x_wconf 83' lang='lat' dir='ltr'><strong>leges</strong></span> <span class='ocrx_word' id='word_1_185' title='bbox 1124 3175 1236 3232; x_wconf 87' lang='lat' dir='ltr'><strong>contra</strong></span> 
     </span>
     <span class='ocr_line' id='line_1_26' title="bbox 209 3274 575 3341; baseline 0.003 -1"><span class='ocrx_word' id='word_1_186' title='bbox 209 3274 363 3340; x_wconf 91' lang='lat' dir='ltr'><strong>ambitum</strong></span> <span class='ocrx_word' id='word_1_187' title='bbox 387 3274 469 3340; x_wconf 85' lang='lat' dir='ltr'><strong>latae</strong></span> <span class='ocrx_word' id='word_1_188' title='bbox 491 3284 575 3341; x_wconf 84' lang='lat' dir='ltr'><strong>sunt</strong></span> 
     </span>
    </p>

    <p class='ocr_par' dir='ltr' id='par_1_6' title="bbox 256 3385 629 3455">
     <span class='ocr_line' id='line_1_27' title="bbox 256 3385 629 3455; baseline 0.021 -8"><span class='ocrx_word' id='word_1_189' title='bbox 256 3386 286 3450; x_wconf 87' lang='lat'><strong>1.</strong></span> <span class='ocrx_word' id='word_1_190' title='bbox 322 3385 387 3448; x_wconf 87' lang='lat' dir='ltr'><strong>Lex</strong></span> <span class='ocrx_word' id='word_1_191' title='bbox 410 3407 439 3450; x_wconf 89' lang='lat' dir='ltr'><strong>c.</strong></span> <span class='ocrx_word' id='word_1_192' title='bbox 465 3406 629 3455; x_wconf 78' lang='lat' dir='ltr'><strong>connum.</strong></span> 
     </span>
    </p>
   </div>
   <div class='ocr_carea' id='block_1_3' title="bbox 254 3495 767 3588">
    <p class='ocr_par' dir='ltr' id='par_1_7' title="bbox 254 3495 767 3588">
     <span class='ocr_line' id='line_1_28' title="bbox 254 3495 767 3588; baseline 0.019 -29"><span class='ocrx_word' id='word_1_193' title='bbox 254 3495 286 3561; x_wconf 79' lang='lat'><strong>2.</strong></span> <span class='ocrx_word' id='word_1_194' title='bbox 321 3495 387 3560; x_wconf 86' lang='lat' dir='ltr'><strong>Lex</strong></span> <span class='ocrx_word' id='word_1_195' title='bbox 408 3495 580 3585; x_wconf 87' lang='lat' dir='ltr'><strong>Calpurnia</strong></span> <span class='ocrx_word' id='word_1_196' title='bbox 600 3501 711 3568; x_wconf 78' lang='lat' dir='ltr'><strong>Acilia.</strong></span> <span class='ocrx_word' id='word_1_197' title='bbox 738 3501 767 3588; x_wconf 83' lang='lat'><strong>⁴)</strong></span> 
     </span>
    </p>
   </div>
   <div class='ocr_carea' id='block_1_4' title="bbox 214 3698 445 3714">
    <p class='ocr_par' dir='ltr' id='par_1_8' title="bbox 214 3698 445 3714">
     <span class='ocr_line' id='line_1_29' title="bbox 214 3698 445 3714; baseline 0.009 -5"><span class='ocrx_word' id='word_1_198' title='bbox 214 3698 445 3714; x_wconf 44' lang='lat' dir='ltr'><strong>m</strong></span> 
     </span>
    </p>
   </div>
   <div class='ocr_carea' id='block_1_5' title="bbox 243 3823 750 4143">
    <p class='ocr_par' dir='ltr' id='par_1_9' title="bbox 243 3823 750 3973">
     <span class='ocr_line' id='line_1_30' title="bbox 243 3823 750 3893; baseline 0.004 -18"><span class='ocrx_word' id='word_1_199' title='bbox 243 3823 264 3888; x_wconf 85' lang='lat'><strong>¹)</strong></span> <span class='ocrx_word' id='word_1_200' title='bbox 282 3826 346 3877; x_wconf 83' lang='lat' dir='ltr'><strong>Aac.</strong></span> <span class='ocrx_word' id='word_1_201' title='bbox 365 3842 426 3878; x_wconf 75' lang='lat' dir='ltr'><strong>erro.</strong></span> <span class='ocrx_word' id='word_1_202' title='bbox 446 3845 485 3893; x_wconf 81' lang='lat' dir='ltr'><strong>ap.</strong></span> <span class='ocrx_word' id='word_1_203' title='bbox 503 3842 598 3878; x_wconf 72' lang='lat' dir='ltr'><strong>onnon.</strong></span> <span class='ocrx_word' id='word_1_204' title='bbox 616 3842 641 3892; x_wconf 85' lang='lat' dir='ltr'><strong>p.</strong></span> <span class='ocrx_word' id='word_1_205' title='bbox 661 3831 693 3877; x_wconf 81' lang='lat'><strong>88</strong></span> <span class='ocrx_word' id='word_1_206' title='bbox 713 3842 750 3891; x_wconf 84' lang='lat' dir='ltr'><strong>sq.</strong></span> 
     </span>
     <span class='ocr_line' id='line_1_31' title="bbox 244 3907 612 3973; baseline -0.005 -10"><span class='ocrx_word' id='word_1_207' title='bbox 244 3907 265 3973; x_wconf 82' lang='grc'><strong>2)</strong></span> <span class='ocrx_word' id='word_1_208' title='bbox 283 3912 374 3963; x_wconf 77' lang='lat' dir='ltr'><strong>Smon.</strong></span> <span class='ocrx_word' id='word_1_209' title='bbox 391 3915 422 3962; x_wconf 91' lang='lat' dir='ltr'><strong>do</strong></span> <span class='ocrx_word' id='word_1_210' title='bbox 440 3913 497 3963; x_wconf 68' lang='lat' dir='ltr'><strong>Iud</strong></span> <span class='ocrx_word' id='word_1_211' title='bbox 514 3914 552 3963; x_wconf 92' lang='lat'><strong>11.</strong></span> <span class='ocrx_word' id='word_1_212' title='bbox 570 3917 612 3961; x_wconf 83' lang='lat'><strong>3⁰.</strong></span> 
     </span>
    </p>

    <p class='ocr_par' dir='ltr' id='par_1_10' title="bbox 245 3992 745 4143">
     <span class='ocr_line' id='line_1_32' title="bbox 245 3992 745 4059; baseline -0.008 -11"><span class='ocrx_word' id='word_1_213' title='bbox 245 3992 265 4057; x_wconf 81' lang='lat'><strong>⁵)</strong></span> <span class='ocrx_word' id='word_1_214' title='bbox 283 3996 347 4047; x_wconf 84' lang='lat' dir='ltr'><strong>Asc.</strong></span> <span class='ocrx_word' id='word_1_215' title='bbox 366 3999 398 4047; x_wconf 87' lang='lat' dir='ltr'><strong>nd</strong></span> <span class='ocrx_word' id='word_1_216' title='bbox 415 3996 516 4048; x_wconf 66' lang='lat' dir='ltr'><strong>(tornet</strong></span> <span class='ocrx_word' id='word_1_217' title='bbox 533 4012 558 4059; x_wconf 87' lang='lat' dir='ltr'><strong>p.</strong></span> <span class='ocrx_word' id='word_1_218' title='bbox 576 4009 618 4045; x_wconf 85' lang='lat' dir='ltr'><strong>on.</strong></span> <span class='ocrx_word' id='word_1_219' title='bbox 639 3999 680 4045; x_wconf 79' lang='lat'><strong>58.</strong></span> <span class='ocrx_word' id='word_1_220' title='bbox 741 4044 745 4050; x_wconf 86' lang='grc'>,</span> 
     </span>
     <span class='ocr_line' id='line_1_33' title="bbox 246 4076 667 4143; baseline -0.014 -9"><span class='ocrx_word' id='word_1_221' title='bbox 246 4076 267 4143; x_wconf 77' lang='lat'><strong>⁴)</strong></span> <span class='ocrx_word' id='word_1_222' title='bbox 284 4081 336 4133; x_wconf 83' lang='lat' dir='ltr'><strong>Dm</strong></span> <span class='ocrx_word' id='word_1_223' title='bbox 353 4091 457 4133; x_wconf 69' lang='lat' dir='ltr'><strong>erastus</strong></span> <span class='ocrx_word' id='word_1_224' title='bbox 474 4078 606 4131; x_wconf 84' lang='lat' dir='ltr'>XXXVI.</span> <span class='ocrx_word' id='word_1_225' title='bbox 626 4084 667 4128; x_wconf 85' lang='lat'><strong>21.</strong></span> 
     </span>
    </p>
   </div>
   <div class='ocr_carea' id='block_1_6' title="bbox 0 0 1467 4950">
    <p class='ocr_par' dir='ltr' id='par_1_11' title="bbox 0 0 1467 4950">
     <span class='ocr_line' id='line_1_34' title="bbox 0 0 1467 4950; baseline 0 0"><span class='ocrx_word' id='word_1_226' title='bbox 0 0 1467 4950; x_wconf 95' lang='lat' dir='ltr'><strong> </strong></span> 
     </span>
    </p>
   </div>
  </div>
 </body>
</html>
