2910 4950
527 436 531 446 ·
630 393 695 458 193

141 602 240 692 igitur
268 599 340 691 lege
373 601 522 688 Pompeia
555 607 685 664 cautum
716 597 756 665 de
786 597 961 680 advocetis,
991 599 1031 666 de
1060 599 1168 669 amicis

140 715 329 781 accusatoris
351 723 382 778 et
403 714 466 792 rei,
491 735 555 778 non
578 712 618 777 de
640 712 780 800 patronis
801 714 841 801 1).

184 827 376 894 Dicebantur
398 849 436 891 eo
459 836 599 912 tempore
623 847 750 890 caussae
773 823 813 889 ad
836 823 1034 912 clepsydram
1049 823 1092 915 ²),
1112 823 1168 890 sed

140 938 277 1027 agebant
295 939 417 1025 saepius
436 937 544 1025 plures
563 937 688 1024 patroni
707 959 766 1023 pro
785 958 849 1003 reo.
886 938 938 1002 Sic
956 959 986 1002 v.
1000 960 1027 1003 c.
1049 958 1166 1003 cronno

139 1051 305 1138 scribit³):
330 1075 431 1134 „cum
455 1050 526 1138 lege
549 1049 712 1136 Pompeia,
737 1048 834 1114 ternis
856 1048 981 1137 borist)
1006 1049 1166 1116 addicen-

88 1241 98 1261 ἱ
140 1163 246 1247 „dum
267 1163 347 1229 detis
366 1161 405 1228 ad
423 1163 597 1228 simillimas
616 1183 725 1227 causas
746 1162 829 1227 inter
851 1185 884 1227 se
898 1162 947 1227 vel
968 1164 1072 1249 potius
1094 1185 1166 1229 eae-

123 1274 237 1365 ¹„dem
260 1275 334 1341 novi
358 1274 560 1340 veniebamus
583 1273 731 1361 qnotidie.
778 1273 901 1356 Quibus
920 1274 1046 1360 quidem
1067 1274 1168 1341 causis

141 1397 205 1469 „tu
227 1388 321 1452 etiam
339 1408 442 1450 runnu
461 1396 586 1472 praesto
606 1384 691 1451 fuisti
713 1388 939 1474 compluresque
962 1399 991 1454 et
1016 1389 1168 1454 nobiecnm

146 1510 204 1582 „et
226 1501 306 1564 coloe
329 1497 448 1583 epieti.'’

187 1612 250 1675 Pro
284 1632 401 1677 unone
431 1619 541 1677 contre
568 1632 652 1675 unus
683 1632 799 1677 crunno
826 1609 922 1676 verbe
946 1609 1018 1677 lecit
1043 1610 1083 1700 ⁵).
1129 1612 1169 1677 In

142 1743 288 1788 uuonuu
321 1743 397 1788 vero
427 1732 491 1787 tres
520 1719 686 1802 dixerunt,
719 1723 774 1810 qui
800 1745 840 1788 ex
870 1722 942 1812 lege
973 1722 1096 1788 duabus
1120 1723 1171 1789 usi

142 1843 217 1898 sunt
234 1832 320 1898 horis
341 1856 456 1920 nempe
473 1856 581 1898 errius
597 1856 717 1911 remon,
743 1857 777 1898 u.
798 1856 952 1899 nnnonms
971 1844 1003 1898 et
1023 1858 1050 1899 n.
1072 1857 1169 1899 vrun-

143 1965 214 2007 nrns
237 1964 342 2010 nuens.
387 1945 504 2008 Freuos
522 1955 591 2008 tum
610 1967 677 2008 esse
694 1944 854 2030 impositos
872 1945 1069 2031 eloquentiae
1088 1945 1170 2010 scri-

143 2053 190 2118 bit
223 2076 355 2119 rectrus
381 2056 426 2142 υ),
462 2054 505 2118 ite
540 2065 645 2119 temen
676 2063 713 2119 ut
741 2055 848 2120 omnia
876 2056 909 2120 in
941 2055 1027 2135 loro,
1063 2057 1170 2122 omnin

143 2164 283 2254 legibus,
308 2166 414 2230 omnia
437 2162 522 2250 apud
545 2175 705 2251 praetores
727 2175 925 2252 gererentur.

187 2276 236 2341 Ad
252 2277 309 2343 lll.
337 2280 421 2342 llaec
438 2277 542 2362 opinio
555 2277 710 2368 originem
723 2276 812 2342 duxit
824 2300 863 2343 ex
876 2277 978 2343 verbis
990 2299 1116 2343 uremur
1126 2277 1167 2366 ⁷),

143 2411 295 2454 munerun
310 2388 493 2454 damnatum
507 2387 657 2454 indicasse
669 2411 850 2467 sermonen,
868 2412 996 2455 neuneu
1006 2411 1167 2470 socerum,

141 2501 291 2586 quonium
324 2499 395 2588 lege
416 2501 565 2587 Pompeia
588 2502 768 2588 praemium
795 2501 930 2568 dabatur
951 2503 1002 2582 iis,
1028 2502 1083 2589 qui
1106 2501 1169 2568 ali-

142 2634 238 2698 quem
260 2613 447 2691 indicarent,
473 2611 560 2699 qnod
576 2615 755 2699 praemium
775 2624 843 2680 eret
862 2617 1042 2701 impunitas.
1090 2616 1171 2680 Pen-

141 2722 217 2789 dent
245 2724 324 2788 haec
354 2725 460 2787 omnin
483 2745 502 2787 a
524 2746 600 2788 vera
624 2725 796 2790 verborum
820 2727 1029 2812 explicatione
1051 2738 1083 2790 et
1105 2727 1169 2794 iam

141 2833 312 2900 videndum
343 2842 390 2898 est
418 2832 494 2918 quid
521 2834 560 2898 sit
584 2835 738 2914 indicare,
771 2835 820 2902 vel
843 2837 935 2902 indeo
959 2838 1004 2924 ⁸),
1035 2859 1167 2924 nempe:

141 2949 195 3029 „is
218 2947 273 3032 qui
291 2943 449 3019 facinoris,
470 2946 561 3011 cuius
580 2956 625 3012 est
647 2947 766 3026 socius,
791 2945 927 3013 latebras
949 2948 1083 3026 indicat,
1108 2949 1168 3013 im·

140 3060 309 3146 „punitate
336 3056 515 3144 proposita'’
542 3058 583 3147 9).
631 3058 724 3141 Quod
751 3058 777 3124 si
806 3059 847 3125 ed
869 3068 1009 3125 nostram
1039 3081 1167 3127 causam

174 3235 194 3301 1)
213 3236 285 3298 Quae
303 3236 324 3285 si
341 3250 402 3286 vem
418 3242 477 3286 eunt
493 3242 547 3286 tuto
564 3251 694 3302 pomumm
714 3251 799 3287 cerere
813 3237 984 3302 disquisitione
1001 3252 1017 3287 u
1033 3251 1059 3288 v.
1078 3249 1168 3289 nunni(

142 3323 268 3381 innitere,
285 3329 346 3386 quot
364 3320 467 3371 tandem
484 3323 583 3385 petroni
602 3323 699 3387 utrique
716 3323 781 3386 porti
799 3328 881 3372 cenent
898 3323 1015 3372 concessi.

174 3403 194 3470 1)
212 3406 331 3455 Poncurr
353 3406 420 3455 Hist.
439 3405 485 3455 tor.
503 3407 577 3457 Rom.
595 3408 618 3456 1.
640 3412 679 3456 li.
703 3408 735 3457 of.
753 3420 839 3458 creon.
858 3407 889 3457 de
907 3407 969 3472 liep.
988 3407 1051 3457 Ath.
1070 3407 1122 3457 111.
1141 3412 1166 3457 4.

174 3487 194 3554 5)
212 3489 267 3540 Cro.
286 3491 358 3540 Brut.
378 3495 411 3539 94
429 3490 442 3555 ᾗ
459 3495 519 3540 32⁴.

173 3573 194 3641 6)
212 3574 326 3634 Cicero,
348 3582 377 3625 nt
399 3589 432 3626 ex
456 3576 585 3626 mentione
608 3583 737 3628 ternarum
759 3577 879 3628 horarum
896 3583 1013 3642 apparet,
1030 3577 1114 3626 colum
1130 3575 1167 3625 lo·

137 3662 223 3726 quitur
240 3660 272 3711 de
290 3659 484 3711 defensionibus.

171 3744 193 3811 ει)
211 3748 276 3797 Asc.
294 3761 333 3810 ep.
352 3760 396 3795 on.
415 3762 440 3810 p.
460 3752 501 3796 ⁴2.

172 3830 193 3894 6)
211 3833 276 3881 Tic.
295 3832 327 3881 de
344 3831 403 3881 cler.
423 3839 485 3881 oret.
504 3848 527 3882 o.
546 3837 588 3883 88.

172 3916 193 3982 ⁷)
212 3918 282 3966 Anu.
299 3917 331 3965 B.
349 3914 378 3966 C.
397 3915 435 3965 11.
456 3921 498 3964 2⁴.

172 4002 193 4067 8)
211 4003 305 4053 Melius
320 4002 368 4053 erit
382 4003 472 4066 opinor
486 4002 535 4053 hec
548 4004 575 4054 in
588 4017 616 4054 re
629 4003 780 4054 Latinorum
793 4017 860 4054 voce.
876 4001 981 4055 rediere
992 4000 1123 4052 rationem.

174 4083 194 4148 9)
214 4085 258 4136 Pe.
276 4098 332 4137 Asc.
351 4101 376 4151 p.
394 4100 437 4137 ou.
461 4090 518 4148 114,

974 4176 1014 4243 13
