2910 4950
623 415 664 479 97

125 622 210 710 „ipsi
238 621 373 688 ambitus
404 620 619 701 condemnati;
656 642 736 707 quos
766 644 827 710 ego
853 643 917 688 non
946 622 1063 687 idcirco
1085 642 1152 687 asae

125 735 284 817 „arbitror
307 736 340 801 in
362 734 525 822 integrum
555 733 730 813 restitutos,
756 733 841 820 quod
864 733 995 821 planum
1018 732 1151 798 fecerint

124 845 221 928 „illos
250 846 290 912 ob
320 867 432 910 eorum
462 867 530 910 rem
562 843 763 911 iudicandam
796 846 965 933 pecuniam
995 845 1151 930 accepisse

124 957 202 1040 „sed
229 956 315 1044 quod
341 956 495 1023 iudicibus
521 956 740 1043 probaverint,
772 980 873 1045 quum
896 957 929 1021 iu
952 955 1062 1020 eodem
1087 978 1148 1043 ge-

124 1091 246 1150 ‚,nere,
270 1069 303 1134 in
326 1091 390 1154 quo
412 1069 470 1156 ipsi
489 1068 705 1146 offendissent,
731 1069 809 1134 alioo
826 1066 1098 1155 reprehendissent
1114 1089 1149 1132 se

124 1178 192 1260 „ad
215 1179 354 1265 praemia
377 1177 455 1267 legis
476 1180 585 1244 venire
608 1178 787 1266 oportere.”

166 1290 316 1356 Indicabo
337 1288 405 1357 h.L
429 1301 598 1377 antequam
618 1291 713 1377 plura
731 1289 851 1368 dicam,
875 1310 939 1353 uon
963 1287 1148 1374 profluxisse

123 1423 160 1467 ea
182 1402 323 1488 praemia
345 1401 479 1490 exlege
501 1401 673 1489 Calpurnia
695 1400 735 1467 de
757 1400 895 1476 ambitu,
920 1398 1065 1485 quamvis
1085 1396 1147 1464 hoo

123 1513 227 1598 primo
249 1510 361 1577 obtutu
384 1512 428 1576 ibt
449 1534 515 1576 esse
537 1509 696 1576 videatur:
715 1493 724 1506 ’

168 1624 211 1688 α’.
236 1646 276 1687 er
294 1621 365 1689 loco
387 1623 472 1689 euim
495 1646 600 1688 uronis
618 1633 650 1688 et
671 1643 838 1688 nicanorus
864 1620 907 1709 (p.
928 1619 1058 1707 Balbo),
1085 1640 1146 1707 ap-

234 1745 324 1820 paret
345 1733 474 1800 diversis
496 1733 620 1822 legibus
641 1733 782 1820 praemia
805 1732 899 1797 fuisse
922 1733 1104 1811 constituta3

162 1845 209 1923 β’.
234 1845 273 1912 de
295 1845 410 1912 indicio
436 1846 510 1925 illo,
542 1868 745 1932 quominus
770 1845 949 1930 pervenerit
971 1844 1002 1908 iu
1026 1843 1146 1908 (trusti-

234 1959 354 2024 minam
373 1959 514 2044 praemio
529 1958 609 2045 legis
627 1956 666 2021 de
680 1956 815 2034 ambitu,
836 1978 901 2021 nou
917 1965 1060 2041 apparet,
1080 1976 1145 2041 quo

232 2079 374 2155 tempore
396 2067 477 2133 illud
500 2067 607 2133 looum
630 2066 776 2132 habuerit
797 2067 842 2154 ¹);

160 2181 207 2258 γ’.
233 2179 344 2267 quodsi
366 2178 405 2243 de
427 2178 543 2243 iudicio
565 2201 657 2243 aaran
679 2201 744 2242 non
764 2185 886 2241 constat
903 2176 976 2241 satis
998 2174 1145 2240 luculen-

232 2301 280 2356 ter
309 2289 348 2356 de
380 2289 495 2355 iudicio
525 2312 642 2354 rorrmr
672 2299 704 2354 et
733 2311 860 2354 aurula
889 2286 1010 2352 ostendi
1044 2294 1145 2373 potest

231 2401 372 2487 praemia
394 2399 490 2465 fuisse
512 2398 585 2464 data
607 2398 841 2465 accusatoribus
864 2396 903 2462 de
926 2397 1047 2463 ambitu
1070 2407 1143 2462 auto

231 2512 336 2602 legem
359 2511 625 2600 Calpurniana).

166 2624 261 2706 Quod
291 2646 391 2711 quum
421 2626 640 2712 unusquisque
667 2625 745 2691 mihi
767 2622 919 2690 concedat
940 2647 1065 2689 necesse
1087 2624 1144 2700 sit,

119 2734 174 2821 qui
202 2734 359 2799 rationem
389 2744 494 2798 teneat
522 2735 672 2799 orationis
699 2756 757 2819 pro
784 2756 941 2799 cinnamo
976 2744 1082 2798 tamen
1112 2743 1144 2798 et

118 2845 181 2910 alio
204 2854 393 2933 argumento
415 2843 569 2910 iudicabo.
616 2847 646 2908 ls
667 2845 757 2909 loeus
783 2845 815 2909 in
838 2846 1024 2910 Cluentiana
1046 2868 1143 2930 quem

117 2979 214 3043 supra
238 2954 436 3021 laudavimus
462 2964 546 3020 totus
565 2965 709 3020 versatur
731 2957 764 3020 in
783 2954 964 3032 indicando,
985 2977 1142 3020 cinnamo

117 3091 233 3135 nocere
261 3091 326 3133 nou
356 3066 470 3132 debere
497 3066 582 3153 quod
605 3065 722 3132 iudices
743 3066 852 3132 iudicii
873 3066 999 3131 Iuniani
1023 3088 1041 3131 a
1064 3089 1142 3131 cen-

118 3181 239 3247 soribus
262 3179 382 3244 fuerint
403 3179 502 3245 notati
523 3178 574 3244 vel
599 3177 685 3265 quod
708 3180 740 3243 in
763 3202 816 3244 eos
837 3201 980 3244 censores
1002 3177 1141 3244 subscri-

111 3291 244 3378 pserint.
292 3288 455 3377 Agebatur
484 3289 540 3354 illa
570 3311 665 3354 causa
693 3290 879 3355 Cluentiano
906 3313 980 3354 cum
1008 3288 1143 3376 aequalis

117 3404 179 3468 auia
201 3404 264 3467 iam
288 3425 344 3487 per
367 3425 427 3467 rur
451 3424 549 3467 annos
572 3403 738 3466 continuos
759 3402 785 3489 ³)
822 3402 874 3491 (ab
900 3424 929 3469 a.
954 3426 985 3470 u.
1011 3425 1037 3469 e.
1064 3402 1141 3471 680.

117 3537 145 3581 a.
169 3514 202 3580 C.
225 3516 278 3582 74.
310 3512 349 3578 ad
372 3536 400 3580 a.
425 3536 457 3581 u.
482 3537 509 3580 e.
532 3515 607 3579 688.
633 3535 660 3578 a.
681 3514 713 3579 C.
737 3513 808 3602 66);
843 3536 918 3579 nam
942 3536 1059 3579 crcaao
1082 3537 1142 3601 pro

116 3647 272 3691 auururro
300 3624 394 3706 dixit,
426 3649 500 3692 eum
527 3628 592 3713 ipse
623 3635 766 3712 praetor,
798 3649 924 3690 ramnus
952 3634 983 3690 et
1009 3647 1139 3691 ruamus

151 3851 171 3916 ¹)
189 3855 256 3905 Vide
283 3869 377 3905 urorz.
405 3857 432 3905 in
462 3864 610 3919 argumento
637 3855 707 3907 Orat
734 3870 759 3920 p.
784 3853 866 3904 Balbo
892 3852 924 3901 Τ.
951 3853 1002 3901 ΙΙΙ.
1030 3867 1054 3916 p.
1082 3855 1142 3902 4³8.

116 3949 145 3986 u.
163 3952 239 3989 rum.
263 3944 381 3991 crenao’s
402 3941 518 3992 Sammtl.
536 3941 624 3991 Redon
639 3957 689 3991 von
706 3954 800 3990 murz.
836 3938 943 4002 Leipzig
963 3941 1142 3989 1635-1669.

150 4019 170 4087 ²)
188 4025 269 4088 Igitur
286 4033 314 4076 ut
332 4027 430 4076 videtur
447 4026 503 4090 lage
520 4027 629 4091 quadam
649 4039 760 4076 suarna.

150 4101 171 4173 ⁸)
189 4109 257 4160 Vide
274 4123 425 4160 nacuranu
443 4111 475 4160 ad
493 4126 516 4160 a.
534 4125 559 4160 u.
577 4127 599 4161 c.
618 4114 677 4160 688.
695 4125 711 4161 a
728 4109 757 4161 C.
777 4112 819 4160 66.

968 4202 985 4263 7
