2910 4950
700 365 741 431 25

209 572 454 651 conseribendis,
468 571 564 638 velsi
585 573 618 638 in
641 571 827 639 memoriam
845 582 1034 653 revocasset,
1059 574 1135 662 quid
1157 598 1229 643 san·

210 688 308 754 citum
330 695 409 752 esset
430 694 542 753 eontra
564 684 716 751 ambitum
740 683 780 750 ab
803 684 870 771 ipso
892 706 1049 753 cremore
1071 697 1103 753 et
1124 698 1232 776 postea

210 820 230 864 a
263 797 413 884 Pompeio
450 797 501 885 (eo
536 795 602 863 fere
618 806 776 883 ‘tempore
804 795 877 863 libri
906 795 947 862 de
973 795 1097 886 legibus
1125 800 1233 887 scripti

210 907 297 997 sunt)
333 931 399 975 non
431 906 575 987 dixisset,
589 907 721 987 eredo,
757 907 928 975 vocabula:
964 912 1102 993 „nomae
1127 933 1234 998 poeno

208 1043 299 1108 „par
321 1031 400 1098 sato,
425 1029 462 1085 ut
483 1021 515 1086 in
537 1042 596 1087 suo
614 1019 689 1086 vitio
708 1020 842 1107 quisque
857 1018 1029 1107 plectatur,
1053 1023 1101 1090 vis
1116 1024 1231 1112 eapite,

210 1180 229 1214 „
238 1131 370 1199 avaritia
386 1129 524 1211 mulcta,
537 1133 660 1199 honoris
670 1132 820 1219 cupiditas
829 1132 996 1218 ipaomim'a
1006 1134 1188 1200 aaadatar'’
1203 1134 1231 1222 Ι)

209 1265 275 1308 esse
303 1242 437 1331 exlege
460 1264 627 1309 cremoms
649 1242 757 1309 aeteus
775 1242 871 1329 petita
897 1265 999 1328 quum
1023 1245 1087 1311 iam
1110 1243 1234 1333 Polybii

209 1365 310 1422 aetate
332 1354 464 1427 θάνατος
496 1354 524 1442 ²)
557 1349 591 1428 ἦν
621 1354 688 1436 περ)
715 1354 825 1421 τούτου
849 1353 1019 1435 πρόστιμον
1043 1355 1085 1443 ⁸).

252 1465 486 1552 Antiquissimis
515 1465 710 1552 temporibus
740 1466 773 1533 in
803 1488 858 1545 ea,
890 1488 954 1553 qna
983 1476 1061 1533 tunc
1087 1467 1236 1533 vivebant

209 1577 423 1665 simplicitate,
456 1578 611 1645 ambitum
637 1577 764 1644 nullum
793 1587 953 1643 noverant
977 1579 1124 1645 Romani.
1169 1581 1235 1647 Neo

208 1691 345 1770 mirum,
380 1712 480 1777 quum
514 1690 554 1768 ia,
590 1689 647 1776 qui
679 1690 813 1769 virtute,
844 1687 1029 1756 fortitudine
1058 1691 1233 1772 eminebat,

209 1823 375 1888 moresque
406 1800 552 1867 servabat
582 1801 738 1867 mnarum
769 1798 898 1867 demum
925 1800 1042 1889 dignus
1070 1801 1235 1870 videbatur

209 1915 262 1980 eni
292 1934 416 1980 summa
446 1915 539 2000 Resp.
571 1913 832 1981 committeretur.
885 1914 1051 1980 Crescente
1074 1915 1234 1981 Romano-

210 2048 283 2092 rum
306 2033 476 2112 potestate,
500 2024 623 2090 acriore
644 2023 748 2091 studio
770 2023 906 2090 honores
927 2024 1117 2111 petebantur
1140 2047 1234 2091 oona·

209 2137 292 2203 tibus
315 2159 375 2224 pro
396 2158 434 2203 ea
456 2146 637 2224 temporam
659 2136 781 2201 ratione
803 2157 919 2222 parum
941 2135 1094 2215 honestis,
1119 2137 1235 2224 quippe

208 2248 432 2328 ostentatione,
457 2248 594 2315 amicitia
616 2245 780 2327 simulata,
804 2247 951 2314 comitate
972 2247 1061 2328 fieta,
1086 2248 1171 2315 siam
1195 2248 1235 2315 ad

208 2360 319 2428 sellam
340 2359 432 2429 illam
453 2359 599 2427 eurulem
622 2358 679 2425 sibi
701 2381 815 2446 parare
837 2358 1009 2426 studerent.

254 2475 303 2539 Ex
323 2496 362 2539 eo
383 2483 526 2559 tempore
547 2483 641 2538 natae
667 2480 744 2538 sunt
764 2492 874 2539 omnes
895 2469 970 2538 illae
984 2470 1171 2552 blanditiae,
1196 2471 1236 2540 de

208 2584 324 2670 quibus
344 2606 443 2670 supra
462 2584 586 2672 egimus
600 2582 640 2672 ⁴).
687 2585 803 2651 Contra
819 2583 852 2649 id
866 2607 968 2672 genus
986 2583 1136 2664 ambitus,
1150 2584 1235 2671 qnod

209 2695 325 2762 reetins
348 2694 525 2783 appellares
542 2695 808 2783 ambitionem),
824 2694 890 2762 lata
907 2704 954 2761 est
968 2717 1006 2761 ea
1025 2694 1093 2762 lex:
1117 2718 1146 2763 a.
1160 2721 1193 2764 n.
1205 2720 1233 2765 c.

208 2806 286 2873 322.
310 2827 339 2872 a.
363 2805 397 2872 C.
423 2805 499 2871 432.
523 2828 589 2888 „ae
612 2805 663 2871 cui
688 2804 798 2871 album
819 2807 853 2870 in
875 2808 1096 2881 vestimentum
1120 2805 1235 2874 addere

209 2966 228 3000 „
238 2916 350 2983 liceret
379 2915 534 3002 petitionis
559 2915 697 2981 caussa’'
722 2938 804 3002 quae
826 2916 879 2981 lex
901 2939 920 2980 a
942 2917 1077 2985 tribunis
1098 2919 1235 2986 militum

209 3026 370 3094 consulari
388 3036 540 3114 potestate
558 3025 779 3115 promulgata,
803 3026 925 3114 perlata
943 3037 1004 3107 est;
1024 3028 1133 3095 scribit
1149 3031 1235 3096 enim

210 3163 332 3208 navius:
368 3160 496 3225 „parva
527 3162 617 3205 nune
650 3161 700 3205 res
733 3151 766 3207 et
799 3139 853 3205 vix
885 3140 967 3206 serio
989 3139 1113 3230 agenda
1135 3140 1235 3207 videri

209 3253 346 3341 „possit,
372 3273 453 3338 quae
482 3261 559 3317 tnnc
588 3251 710 3340 ingenti
732 3253 905 3319 certamine
926 3252 1034 3321 Patres
1055 3262 1088 3319 et
1109 3251 1234 3340 plebem

209 3427 435 3447 ——u——d

243 3537 265 3603 ¹)
282 3538 337 3590 Cic.
356 3539 388 3590 de
405 3539 486 3601 Legg.
504 3535 555 3587 IIL
575 3541 617 3587 20.

242 3620 266 3688 1)
282 3623 447 3683 Rouession,
470 3621 550 3672 neadt
572 3621 634 3687 qnid
655 3619 720 3671 haee
736 3620 888 3685 dgmflana
910 3621 1003 3687 eogitat
1019 3622 1100 3685 euim,
1118 3623 1140 3672 si
1156 3623 1233 3672 musis

208 3707 304 3775 placet,
332 3708 364 3758 de
389 3706 510 3771 supplicio
535 3720 635 3756 summo
660 3706 793 3757 sumendo.
819 3721 844 3773 p.
864 3710 923 3756 414.
967 3704 1006 3759 ct
1024 3717 1156 3758 numcanr
1173 3705 1232 3756 dias.

207 3792 226 3843 1.
244 3807 272 3857 p,
291 3795 321 3841 15
340 3806 377 3858 aq.
396 3799 422 3842 et
439 3790 512 3841 infra

242 3874 383 3944 ⁸)Pon1s.
401 3876 450 3926 vl.
470 3878 512 3925 56.

243 3959 264 4026 ⁴)
282 3961 343 4012 Vid.
361 3975 386 4026 p.
407 3965 439 4011 10
456 3973 510 4025 sqq.

244 4042 265 4112 ⁵)
282 4044 325 4097 Sio
342 4046 418 4098 etium
436 4055 521 4094 entus
539 4044 587 4094 1v.
607 4048 648 4093 25.
