2910 4950
694 406 736 471 86

207 621 294 679 σῖτον
313 615 355 685 εἰς
380 612 490 691 Polam
508 612 717 677 ἀποστέλλειν
738 612 1007 696 ἀναγκαζόμενος.
1028 615 1178 697 Ὕστερον
1196 617 1229 681 δὲ

208 732 265 800 τῆς
290 725 474 803 ἐπιμελείας
497 725 550 790 κιο)
575 724 767 800 δικαιοσύνης
786 726 838 790 sal
857 726 1029 809 πρᾳότητος
1043 730 1139 794 αὐτοῦ
1161 736 1231 793 πεῖ·

208 856 264 914 aaa
290 835 513 918 λιιμβοέιοιτες
541 837 580 908 cic
608 835 716 901 οὐδέιιι
742 843 802 902 τῶν
831 839 948 902 πώποθ’
981 836 1139 916 ἡγεμόνιον
1167 834 1232 902 ἐτί-

208 968 315 1025 μηοοιι
335 947 377 1036 1).

255 1059 385 1124 Caussas
406 1059 541 1145 suscepit
562 1057 785 1137 defendendas,
810 1059 945 1145 denique
968 1060 1131 1140 omnibus,
1152 1080 1234 1146 quae

209 1190 268 1255 per
290 1167 378 1255 leges
398 1168 502 1233 facere
525 1168 655 1247 licebat,
675 1179 807 1233 conatus
828 1178 874 1233 est
896 1178 933 1233 ut
955 1169 1143 1234 aedilitatem
1168 1167 1235 1234 adi·

211 1280 386 1366 pisceretur
401 1280 443 1368 ²).
490 1281 600 1361 Quum
623 1280 777 1346 honorem
799 1280 891 1346 illum
911 1280 1036 1368 petebat
1057 1279 1135 1345 dixit
1154 1278 1236 1345 divi·

210 1393 371 1457 nationem
393 1393 426 1456 in
453 1414 627 1458 cascrmuu
644 1393 688 1481 3);
713 1394 849 1478 primam
875 1389 1085 1459 actionem'in
1106 1415 1235 1457 veausu

210 1501 323 1568 habuit
344 1501 452 1566 aedilis
473 1501 663 1589 designatus.
710 1501 825 1566 Scribit
848 1503 948 1567 enim:
973 1523 1020 1584 „a
1042 1502 1132 1568 nobis
1151 1502 1235 1568 mul-

211 1663 232 1698 ‚,
240 1623 288 1678 tos
310 1613 432 1679 obsides
452 1612 548 1678 habet
570 1614 604 1678 P.
617 1616 655 1679 R.
680 1636 759 1700 quos
781 1625 818 1680 ut
835 1613 1010 1688 incolumes
1032 1636 1235 1696 conservare,

212 1775 232 1809 „
240 1727 337 1806 tueri,
362 1725 549 1791 confirmare
570 1747 609 1791 ac
631 1747 819 1811 recuperare
838 1727 991 1811 possimus
1010 1728 1097 1791 omni
1115 1728 1238 1792 ratione

212 1840 302 1921 „erit
339 1836 563 1904 dimicandum.
622 1837 722 1903 Habet
753 1837 925 1916 honorem,
956 1860 1052 1925 quem
1078 1839 1236 1924 petimue”

214 1959 286 2016 cett.
306 1949 346 2031 ⁴).
392 1951 467 2015 Erat
489 1971 526 2014 ea
549 1951 706 2014 accusatio
729 1972 842 2015 venais
865 1970 1016 2018 crusnam
1040 1970 1158 2036 magno
1180 1970 1239 2014 au-

213 2062 290 2127 xilio
312 2062 344 2125 in
367 2062 532 2146 petitione3
557 2071 719 2146 praeterea
745 2072 971 2149 peragraverat
992 2060 1134 2137 Italiam,
1167 2082 1240 2126 am-

214 2174 376 2258 bieratque
399 2182 537 2258 agrestes
555 2194 593 2237 co
612 2170 722 2250 modo,
747 2194 811 2258 quo
830 2172 938 2237 liceret
958 2171 998 2259 ⁵).
1045 2173 1174 2239 Vacuus
1191 2171 1240 2236 in·

149 2313 154 2322 ·
214 2295 302 2349 terea
324 2304 397 2346 cum
420 2281 528 2345 amicis
550 2280 695 2345 omnibus
717 2280 817 2345 modis
840 2291 970 2346 conatus
992 2289 1038 2344 est
1056 2302 1240 2347 cicuuousu

216 2393 372 2460 aedilitate
406 2392 549 2457 deiicere.
603 2390 712 2472 Quod,
751 2391 926 2477 quomodo,
963 2413 1089 2478 quaque
1118 2393 1241 2458 ratione

219 2509 373 2572 immensa
395 2502 563 2590 largitione
585 2502 709 2568 efficere
726 2514 858 2569 conatus
875 2505 927 2583 sit,
951 2505 1017 2589 ipse
1032 2524 1148 2569 crcsuo
1164 2504 1243 2569 scri·

217 2618 264 2682 bit
284 2615 325 2705 8).
372 2614 405 2678 Si
433 2613 508 2678 talia
530 2613 667 2701 agebant
691 2616 844 2694 Romani,
876 2625 913 2680 ut
937 2615 1076 2701 aliquem
1102 2616 1241 2695 honore,

219 2750 315 2816 quem
335 2725 473 2813 petebat,
497 2724 681 2805 deficerent,
700 2725 859 2813 quomodo
876 2728 1051 2815 cogitamus
1063 2749 1117 2793 eos
1134 2727 1244 2794 fecisse

218 2839 245 2904 si
267 2838 306 2903 de
328 2860 386 2903 suo
409 2837 625 2902 amicorumve
647 2837 768 2903 honore
790 2841 962 2927 ageretur?

264 2945 453 3013 Intellexere
471 2948 606 3012 Romani
628 2946 712 3013 hisce
731 2948 812 3013 vitiis
829 2970 894 3013 esse
912 2946 1154 3015 occurrendum.
1179 2949 1244 3014 Tu·

220 3060 258 3127 lit
287 3060 387 3148 igitur
416 3058 456 3124 ad
482 3058 637 3146 populum
667 3081 697 3127 c.
725 3082 899 3127 cosmarus
925 3070 966 3128 tr.
989 3061 1034 3148 pl.
1060 3059 1100 3126 de
1122 3060 1245 3127 ambitu

257 3415 278 3482 ¹)
296 3414 351 3466 Cic.
368 3428 393 3477 p.
411 3411 500 3463 Plane.
519 3414 551 3461 26
571 3411 584 3477 t
602 3414 645 3462 64.
688 3410 744 3464 Cre.
762 3412 790 3463 ia
807 3413 882 3464 verr.
899 3410 937 3460 ΙΙ.
955 3411 991 3462 V.
1012 3414 1051 3462 11.
1073 3413 1148 3475 §³5.
1187 3412 1248 3466 Sao

242 3503 248 3516 '
311 3501 326 3520 ¹⁰
356 3498 419 3547 roh
483 3499 489 3511 '
568 3514 596 3547 ra
627 3514 639 3547 s
671 3497 684 3547 i

223 3517 280 3653 pull
297 3500 367 3646 iilia
387 3512 628 3648 riciiiliplieloriv
640 3505 728 3647 exilitati
746 3582 864 3633 acciderit
879 3581 994 3633 Puteolis
1012 3596 1045 3634 ex
1063 3582 1150 3635 Sicilia
1167 3598 1249 3636 raver-

221 3673 285 3725 tenti
308 3677 334 3721 et
355 3668 480 3734 quomodo
503 3669 529 3718 id
552 3669 662 3733 primum
682 3667 749 3718 illiue
771 3667 934 3719 ambitionem
952 3668 1054 3734 fiegerit
1070 3671 1120 3735 leg.
1138 3685 1178 3735 ap.
1196 3682 1248 3722 cic.

224 3775 248 3824 qa
266 3757 354 3808 Plane
372 3754 390 3804 l.
408 3755 426 3803 l.
446 3761 471 3803 et
487 3766 563 3803 atur.
582 3752 599 3801 l.
617 3751 635 3800 l.

256 3841 277 3911 5)
295 3841 350 3893 cic.
367 3841 394 3889 in
411 3838 485 3889 ecee.
504 3842 537 3887 sa
552 3836 566 3900 t
583 3838 623 3885 rs.

257 3924 278 3994 ⁴)
295 3926 352 3979 Cic.
369 3926 396 3975 in
414 3924 488 3974 Verr.
506 3922 529 3972 1.
548 3925 564 3969 9
584 3922 600 3983 5
617 3923 666 3981 at,
684 3922 726 3970 116.
744 3918 781 3973 11.
800 3922 834 3973 V.
856 3926 895 3974 14.
915 3924 930 3988 ς
948 3923 1050 3985 36311.
1069 3924 1091 3974 Ι.
1110 3927 1135 3972 5.
1153 3924 1169 3986 ς
1189 3927 1230 3973 14.

258 4009 280 4077 ⁵)
296 4012 378 4061 Psur.
396 4006 448 4058 Cic
468 4009 491 4055 7.

258 4093 278 4161 ὃ)
296 4093 350 4148 Cic.
369 4093 396 4143 in
414 4092 489 4141 Verr.
507 4087 529 4137 Ι.
549 4091 573 4136 8.
591 4086 604 4152 i
622 4092 655 4138 22
674 4103 728 4154 sqq.
