2910 4950
707 401 746 463 11

260 608 298 671 ln
321 602 484 692 publicum
507 603 674 691 prodibant
702 605 752 670 isti
773 607 855 672 servi
878 616 949 693 post
972 617 1099 696 tergum
1122 607 1242 673 domini

217 728 249 783 ct
267 716 459 782 advenientis
482 716 633 804 cuiusque
652 739 768 783 nomen
787 717 915 784 domino
934 718 1184 786 insusurrabant.
1196 755 1241 769 -

216 827 344 895 Talibus
377 829 424 893 uti
457 828 576 895 artibus
609 829 642 894 in
676 830 825 916 petitione
854 832 983 897 omnino
1013 831 1115 911 licuit;
1143 831 1242 897 immo

215 962 300 1006 caro
324 964 399 1007 usur
419 952 466 1007 est
486 942 742 1022 nomenclatore,
766 965 830 1029 qua
845 942 883 1008 de
902 965 938 1008 re
957 942 1058 1030 lepide
1076 965 1151 1008 eum
1169 965 1242 1031 per·

215 1053 342 1140 rtringit
364 1075 480 1119 cronno
507 1052 552 1141 ¹);
585 1076 688 1137 „nam
716 1053 803 1140 quod
823 1054 884 1133 aia,
908 1053 1000 1120 nulla
1022 1077 1057 1119 re
1079 1054 1164 1121 allici
1185 1053 1243 1120 ho·

214 1213 233 1245 ,‚
244 1165 367 1229 minum
397 1174 517 1230 mentes
548 1175 692 1251 oportere
715 1165 755 1231 ad
782 1167 1001 1254 magistratum
1026 1165 1242 1231 mandandum

213 1275 300 1357 „nisi
320 1273 489 1363 dignitate:
513 1275 574 1343 hoc
596 1278 720 1363 tuipse
747 1278 781 1342 in
804 1299 868 1363 quo
891 1298 1016 1343 summa
1038 1288 1085 1342 est
1106 1276 1243 1364 dignitas

213 1408 308 1469 „non
329 1408 446 1454 servas.
468 1426 514 1439 —-
536 1388 641 1471 Quid?
665 1387 751 1475 quod
773 1388 869 1453 habes
894 1387 1185 1454 nomenclatorem?
1208 1388 1241 1454 in

213 1520 280 1578 „co
310 1497 437 1584 quidem
467 1497 550 1565 fallis
580 1509 613 1565 et
640 1499 790 1587 decipis.”
839 1499 993 1566 Describit
1018 1522 1106 1566 nunc
1134 1508 1243 1566 orator

213 1606 316 1697 lepide
338 1609 416 1696 quid
436 1611 656 1677 nomenclator
678 1613 734 1677 iste
756 1633 875 1677 canori
898 1611 1107 1677 auxiliaretur
1130 1612 1163 1677 in
1186 1634 1242 1698 pe·

212 1721 322 1787 titione
342 1721 391 1810 ²),
416 1722 531 1808 quibus
547 1722 626 1789 haec
648 1723 751 1789 addit:
776 1722 882 1805 „haec
900 1724 1008 1789 omnia
1026 1722 1067 1789 ad
1085 1724 1241 1789 rationem

213 1832 372 1913 „civitatis
394 1834 419 1897 si
441 1832 550 1921 dirigis
569 1844 656 1900 recta
677 1832 779 1899 sunt'’
804 1843 876 1901 cett.
900 1857 945 1884 -·-
966 1833 1089 1900 Dicitur
1107 1855 1240 1899 nomen·

212 1943 340 2025 „clator
363 1945 457 2010 etiam
479 1945 619 2011 monitor
643 1945 691 2034 ³),
715 1943 815 2011 fartor
840 1942 880 2031 ⁴).
1179 1926 1185 1936 .

254 2055 290 2132 β’
314 2055 490 2122 Blanditio.

255 2166 323 2230 lloc
350 2188 451 2252 genus
480 2163 631 2230 adulandi
654 2187 754 2251 quum
777 2163 864 2250 apud
886 2186 996 2229 omnes
1018 2162 1084 2229 fere
1106 2163 1240 2250 populos

211 2298 371 2364 peraeque
400 2275 611 2354 custodiatur,
643 2274 728 2361 apud
758 2278 918 2341 Romanos
943 2275 977 2340 in
999 2273 1158 2342 bonorum
1180 2297 1239 2361 pe·

211 2387 319 2452 titione
349 2388 524 2453 maximum
562 2386 697 2452 habebat
726 2410 819 2453 usum
854 2396 886 2452 et
913 2385 988 2452 licet
1018 2408 1037 2451 a
1065 2385 1241 2468 Quiritibus

210 2496 378 2565 honestum
407 2496 579 2565 duceretur
609 2496 717 2564 multis
747 2497 915 2587 indignum
944 2506 977 2563 et
1001 2505 1095 2583 turpe
1115 2518 1240 2584 semper

211 2610 313 2675 visum
339 2619 395 2676 est.
446 2611 535 2676 Sicut
564 2632 681 2676 cronno
713 2609 819 2676 obiicit
847 2631 966 2675 errori
990 2608 1029 2674 de
1055 2608 1239 2674 nomencla-

210 2721 296 2787 tione
322 2721 368 2808 ὅ);
400 2722 462 2803 „in
492 2723 641 2808 petitione
667 2720 746 2787 haec
774 2721 889 2787 licere:
913 2720 961 2785 ein
985 2741 1022 2784 ea
1044 2718 1240 2806 perpendere

209 2831 250 2899 ad
271 2831 456 2918 disciplinae
485 2842 654 2918 praecepta
684 2831 778 2911 velis,
802 2832 1003 2918 reperiantur
1031 2829 1237 2917 pravissima”

208 2945 254 3010 sic
282 2944 323 3026 Q.
348 2942 447 3008 frater
477 2942 516 3008 de
542 2942 694 3008 blanditia
725 2942 771 3031 ⁸)r
800 2964 910 3028 „quae
940 2943 967 3007 ei
993 2941 1105 3006 vitiosa
1132 2951 1180 3008 est
1206 2951 1239 3008 et

244 3149 265 3219 1)
282 3150 337 3202 Cro.
356 3166 381 3214 p.
398 3150 467 3201 Mur.
486 3153 518 3201 86
539 3150 554 3213 ξ
573 3152 614 3201 71.
646 3159 648 3163 ’

243 3230 264 3302 ²)
281 3231 433 3285 Borcnnrn
457 3248 497 3298 op.
523 3232 542 3283 l.
560 3250 584 3299 p.
603 3238 654 3283 888
678 3234 778 3284 videtur
800 3230 896 3284 nescire
917 3244 1042 3282 crrounrr
1063 3230 1139 3284 foisse
1164 3248 1239 3285 mum

209 3319 395 3370 nomenclatore
401 3339 408 3377 ς
426 3326 492 3368 certe
511 3318 584 3367 dicit:
604 3315 706 3367 uCaton
730 3316 850 3381 d'Utique
874 3316 998 3367 r'dtudiuit
1018 3330 1076 3366 rans
1098 3316 1122 3367 le
1139 3331 1238 3368 recoum

210 3404 262 3454 ude
284 3403 377 3471 quique
399 3416 427 3453 ce
449 3402 488 3453 mr
509 3400 528 3451 t
549 3404 679 3453 conuuttre
702 3402 741 3451 les
761 3402 896 3465 citoyem’*
919 3408 976 3451 cett.
992 3426 1029 3437 -
1049 3401 1122 3452 Ilaec
1144 3403 1237 3466 optime

209 3489 363 3538 conveniunt
385 3488 411 3539 in
436 3500 561 3536 crronnu
583 3501 606 3537 a
624 3501 650 3535 u.
668 3501 689 3535 c.
711 3489 768 3535 702.
792 3484 853 3536 aC.
873 3490 920 3547 52,
944 3501 1023 3550 quarn
1041 3486 1124 3549 legem
1141 3487 1239 3539 tulisset

211 3587 264 3622 nne
281 3574 336 3638 quis
353 3588 399 3637 pro
415 3572 548 3622 candidato
565 3572 715 3635 prensaret”
733 3567 792 3633 (rid.
812 3568 878 3619 intra
891 3568 925 3618 ad
939 3583 994 3618 cum
1008 3567 1102 3633 legem)
1119 3570 1163 3620 sed
1185 3583 1237 3621 non

210 3657 295 3707 valent
312 3658 344 3707 ‹lo
361 3657 481 3721 petitione
499 3662 530 3705 tr.
548 3655 598 3719 pl,
615 3668 693 3718 qucm
709 3654 831 3703 honorem
857 3666 924 3703 caro
945 3653 1049 3717 adeptor
1069 3661 1135 3715 erat,
1158 3668 1236 3719 quum

207 3754 319 3793 unanrr
338 3754 395 3791 reue
413 3740 540 3803 agebatur.
558 3765 594 3775 -
611 3738 667 3790 Cre.
680 3754 706 3804 p.
723 3738 791 3789 Mur.
807 3743 850 3789 88.
870 3740 885 3801 ς
904 3742 945 3789 81.

243 3821 513 3889 8)Οιο.ρ.111111·.86
534 3825 549 3886 5
569 3825 609 3872 77.

241 3907 263 3971 4)
280 3908 381 3959 Faunus
399 3922 424 3972 p.
443 3910 629 3957 8811881811.

242 3988 263 4056 5)
280 3991 334 4044 018.
353 4006 377 4056 p.
396 3990 463 4039 Mur.
483 3989 501 4039 l.
519 3989 536 4038 1.

241 4074 262 4141 θ)
280 4076 312 4142 ί),
330 4076 360 4126 tr.
379 4077 411 4129 do
428 4081 477 4140 pot.
496 4072 570 4125 Cone.
594 4079 620 4123 11
640 4075 654 4137 §
673 4080 713 4124 42.
