2910 4950
692 434 818 527 1a¹

590 731 770 795 CAPUT
800 731 850 795 II.

619 911 655 949 nn
672 910 773 950 sirano
791 896 819 963 ἱ).

255 1095 289 1160 Si
312 1094 382 1181 quia
402 1093 437 1158 in
458 1093 601 1157 animum
631 1090 803 1157 induxisset
827 1074 1042 1161 omnesones
1070 1107 1103 1163 at
1125 1096 1234 1163 modos

209 1204 334 1273 illicitos
356 1227 545 1271 enumerare
566 1214 599 1269 ct
620 1203 794 1290 explicare,
819 1204 935 1291 quibus
951 1206 1088 1272 Romani
1106 1208 1155 1272 usi
1172 1208 1238 1273 sint

209 1328 247 1384 ut
275 1318 316 1384 ad
333 1341 479 1384 summos
503 1316 707 1404 pervenirent
726 1316 879 1396 honores,
911 1338 979 1383 rem
1002 1318 1165 1385 inchoaret
1187 1321 1235 1385 in·

211 1431 314 1519 gentis
345 1429 477 1508 laboris,
509 1429 600 1494 cuius
627 1427 723 1495 finem
755 1428 808 1493 vix
841 1428 1005 1496 inveniret.
1059 1431 1124 1513 Qui
1158 1452 1236 1516 qua·

209 1542 401 1628 lemcunque
423 1540 463 1607 de
485 1539 605 1605 ambitu
627 1539 764 1605 scribere
782 1538 888 1605 studet
908 1539 1150 1627 disputationem
1172 1541 1235 1608 his·

209 1654 341 1719 toricam
371 1664 420 1719 sat
448 1652 515 1740 agit
536 1653 579 1730 si,
607 1650 722 1737 quibus
745 1650 926 1718 hominibus
948 1653 998 1718 nsi
1021 1652 1139 1719 fuerint
1159 1675 1235 1719 aaa·

209 1764 306 1832 didati
338 1765 372 1833 iu
406 1764 538 1829 crimine
566 1761 702 1827 ambitus
734 1761 873 1829 brevitor
901 1763 1082 1851 exposuerit
1089 1788 1098 1844 ;
1135 1761 1239 1831 multa

209 1879 293 1943 enim
324 1898 406 1963 quae
435 1896 533 1962 porro
554 1874 618 1941 huc
647 1873 786 1954 fuciunt,
811 1875 934 1964 legibus
961 1886 1072 1942 contra
1094 1876 1155 1942 hoc
1176 1878 1238 1942 cri-

211 2011 284 2054 men
308 1987 396 2067 lads,
418 1985 606 2073 explicanda
627 1986 679 2052 vel
701 1985 869 2053 indicanda
890 1987 1039 2054 videntur
1062 1989 1103 2076 ¹).
1127 1989 1236 2053 Dicam

210 2102 311 2190 igitur
331 2096 370 2165 de
386 2097 573 2165 ¹hominibus
594 2099 628 2165 in
650 2099 770 2186 populo
793 2100 1027 2188 corrumpendo
1048 2100 1202 2167 adhibitis.

255 2214 338 2276 Sunt
359 2209 393 2275 hi
415 2211 618 2296 praesertim:
958 2221 961 2224 ’

213 2326 243 2390 1.
279 2322 455 2400 Divisores,
491 2320 679 2407 quibuscum
717 2342 961 2407 nonnumquam
998 2320 1241 2388 confunduntur

278 2432 463 2499 diribitores.
794 2416 797 2421 ¹

214 2549 245 2613 2.
281 2546 479 2631 namnet.

215 2660 246 2725 3.
282 2657 467 2745 sequestres.

689 2798 760 2879 §1-

573 2955 627 3020 De
649 2955 825 3021 diuisoribu
849 2955 889 3044 ⁸).

269 3131 518 3201 confunduntur
546 3128 696 3197 divisores
724 3153 816 3218 saepe
846 3155 920 3199 cum
949 3132 1161 3200 diribitoribus
1192 3136 1240 3221 ⁴),

217 3249 272 3334 qui
293 3256 400 3311 tamen
423 3252 491 3308 toto
512 3241 600 3308 coelo
623 3242 664 3307 ab
685 3243 747 3309 illis
769 3242 893 3312 distant.

263 3356 445 3423 Diribitores
466 3354 550 3420 enim
574 3363 648 3419 sunt
671 3356 742 3442 qui,
767 3379 868 3444 quum
887 3355 1040 3444 suffragia
1060 3354 1168 3422 tulerit
1186 3380 1242 3444 po-

252 3541 273 3608 ¹)
291 3541 411 3592 Ambitus
428 3540 523 3593 Graeco
539 3542 630 3594 dicitur
644 3543 828 3610 σπουδαρχία.
854 3542 907 3592 Dro
921 3541 1027 3606 passim,
1040 3541 1140 3608 aliique.
1165 3543 1243 3610 Apud

218 3627 327 3681 Graecos
343 3630 409 3695 ipsos
425 3630 539 3681 usitatior
556 3638 594 3681 cst
612 3631 769 3697 δημοκοπία
785 3628 854 3693 quod
870 3628 945 3679 etism
960 3628 987 3677 in
1004 3641 1032 3677 ra
1046 3629 1161 3681 Musaue
1174 3647 1243 3682 usur·

219 3715 402 3780 patriando
419 3716 540 3780 ospicnda
555 3730 589 3766 cx
607 3716 702 3769 inimic.
720 3712 794 3765 utilit
811 3729 834 3764 c.
854 3717 878 3764 9.
911 3714 945 3765 ln
961 3712 1056 3766 Glossis
1073 3732 1141 3768 nom.
1155 3718 1246 3769 dicitur

220 3797 352 3863 ἅμβητος.
380 3800 427 3850 Ed.
446 3813 563 3850 annam
577 3814 601 3863 p.
615 3802 640 3849 8.

255 3881 276 3952 ²)
294 3883 337 3934 Sic
354 3884 385 3934 da
401 3885 510 3934 coitione
523 3883 578 3932 dixi
591 3883 624 3932 sd
641 3881 751 3931 edictum
768 3892 791 3931 o.
801 3895 897 3932 unnim
910 3882 960 3935 vid.
975 3898 1000 3950 p.
1010 3888 1052 3935 85.
1069 3883 1110 3935 De
1122 3885 1246 3937 sodaliciis

222 3969 254 4018 sd
272 3969 355 4032 legem
372 3969 498 4018 Liciniam
514 3965 647 4030 disputavi.

256 4050 276 4115 ὅ)
294 4053 362 4103 Vide
379 4052 411 4102 da
427 4051 577 4101 divisoribus
594 4050 672 4102 stiam
686 4051 721 4101 ad
737 4050 820 4116 legem
838 4052 982 4107 Corneliam
1000 4060 1024 4105 at
1041 4053 1161 4104 Tulliam.

255 4135 276 4203 ⁴)
294 4137 408 4187 Essram
425 4134 511 4188 Cluvio
527 4132 580 4186 Cic.
598 4148 653 4186 roc.
670 4133 793 4187 dirim.
825 4174 833 4192 ,
