2910 4950
623 272 642 309 ἱ

708 394 727 455 l

209 653 227 683 ,,
238 612 380 689 pectore,
408 599 494 666 aliud
524 600 556 664 in
581 598 691 685 lingua
717 606 900 683 promptum
924 595 1055 677 habere;
1081 598 1232 663 amicitias

208 712 475 798 „inimicitiasque
496 734 561 776 non
584 732 625 775 ex
643 731 695 787 re,
719 707 773 774 sed
792 730 832 772 ex
851 708 1017 773 commodo
1035 719 1229 786 aestumare,

209 825 400 912 „magisque
434 822 576 902 vultum,
613 843 709 907 quam
738 820 902 908 ingenium
931 819 1051 885 bonum
1080 820 1230 886 habere.‘'
1336 844 1340 855 ·

209 936 295 999 llaec
323 933 406 999 dicta
435 942 510 999 sunt
538 931 578 997 de
600 932 785 1018 cupiditate,
811 930 849 996 de
875 930 978 997 studio
1001 932 1151 1011 alicuius,
1176 933 1230 1017 qui

212 1068 445 1133 quemcumque
476 1045 628 1111 honorem
659 1045 792 1131 appetit,
816 1041 940 1109 nonde
962 1067 1015 1123 eo,
1041 1045 1094 1130 qui
1117 1045 1232 1132 magis-

210 1166 329 1222 tratum
353 1157 440 1243 petit.

256 1266 350 1350 Quod
380 1267 547 1332 discrimen
576 1291 650 1333 mox
677 1290 737 1333 usu
767 1277 813 1333 est
841 1266 1018 1345 sublatum,
1047 1290 1147 1352 quum
1171 1270 1236 1332 Ro·

212 1381 299 1446 mani
328 1378 505 1444 didicissent
531 1379 645 1445 illicitis
675 1379 775 1445 modis
805 1390 911 1465 petere
933 1378 1085 1456 honores,
1109 1402 1148 1444 ex
1172 1401 1236 1465 quo

212 1491 286 1557 inde
309 1500 451 1576 tempore
469 1502 577 1554 nostra
599 1492 740 1577 quaestio
759 1489 928 1576 repetenda
949 1500 1004 1555 est.

258 1602 434 1667 Dicendum
458 1602 557 1688 igitur
580 1612 642 1666 est:

216 1717 247 1782 1.
283 1715 328 1778 De
351 1713 529 1790 ambit-ione,
554 1732 635 1798 quae
666 1712 805 1777 continet
830 1734 939 1777 omnes
962 1719 1044 1775 artes
1066 1717 1098 1773 et
1121 1707 1238 1774 machi-

282 1825 441 1903 nationes,
467 1823 581 1911 quibus
604 1823 745 1888 solebant
764 1824 858 1888 etiam
874 1819 1082 1887 honestissimi
1099 1829 1131 1884 et
1147 1821 1238 1885 inno-

283 1936 451 2002 centissimi
479 1935 561 2001 cives
591 1933 718 2001 honoris
748 1935 928 2020 petitionem
953 1932 1123 1998 adstruere.

218 2050 249 2113 2.
285 2048 331 2111 De
360 2048 489 2125 ambitu,
523 2070 588 2133 quo
617 2047 820 2113 continentur
848 2068 956 2110 ornnes
986 2043 1070 2109 modi
1105 2042 1240 2107 honores

286 2158 410 2243 petendi
434 2157 556 2245 legibus
579 2159 675 2225 vetiti.

611 2581 792 2644 CAPUT
827 2581 854 2643 Ι.

631 2761 667 2797 DE
685 2761 839 2800 nasamone.

271 2943 317 3008 De
338 2939 446 3019 modo,
471 2962 536 3027 quo
557 2939 679 3006 honesti
701 2940 783 3007 cives
801 2940 978 3021 ambibant,
1001 2950 1143 3029 tempore
1162 2964 1248 3010 cros·

227 3077 335 3132 nonis,
361 3052 463 3118 multa
481 3051 570 3117 nobis
589 3050 703 3117 tradita
721 3063 795 3118 sunt
814 3053 846 3117 in
866 3051 1018 3139 opusculo
1037 3074 1066 3128 o.
1083 3075 1249 3119 crosnours

230 3164 316 3252 quod
332 3163 528 3242 inscribitur,
549 3162 588 3229 de
597 3165 745 3250 petitione
760 3164 937 3230 Consulatus
951 3163 984 3227 in
1000 3185 1063 3249 quo
1078 3163 1249 3249 perfectam

231 3274 409 3342 ambitionis
438 3274 579 3361 depinxit
600 3276 753 3341 rationem
776 3285 808 3341 et
833 3275 979 3340 formam.
1026 3275 1093 3339 lloc
1116 3297 1250 3360 opuscu-

230 3388 317 3466 lum,
352 3386 500 3473 epistolae
533 3386 636 3453 forma
669 3390 822 3475 scriptum
856 3386 896 3452 ad
930 3408 1066 3452 unacum
1103 3386 1251 3464 fratrem,

232 3523 333 3586 quum
362 3500 389 3564 is
416 3500 614 3567 consulatum
643 3510 780 3587 peteret,
812 3521 920 3564 omncs
949 3500 1047 3565 secuti
1075 3510 1166 3579 sunt,
1197 3499 1252 3583 qui

233 3612 271 3678 dc
301 3612 421 3679 ambitu
454 3613 654 3699 scripserunt.
702 3612 853 3678 Constitui
886 3623 991 3676 tamen
1026 3610 1066 3675 de
1095 3612 1131 3676 iis
1161 3611 1256 3677 rebus

234 3723 397 3811 aliquanto
427 3724 568 3804 brevius,
600 3724 638 3790 de
663 3723 841 3799 nonnullis,
873 3745 952 3809 quas
980 3722 1028 3787 illi
1052 3722 1104 3789 vel
1126 3724 1256 3790 omniuo

234 3860 318 3915 non,
342 3834 394 3901 vel
417 3835 528 3902 leviter
550 3837 741 3924 attigerunt,
766 3834 919 3920 copiosius
942 3857 1099 3922 exponere
1124 3835 1165 3921 ¹).

240 3996 463 4011 —n—

270 4082 289 4143 1)
308 4083 396 4132 Multis
410 4082 440 4130 de
456 4082 503 4130 hoc
519 4080 605 4129 libello
619 4079 671 4141 egit
682 4092 699 4127 1.
708 4092 734 4128 o.
745 4092 872 4129 moruus
882 4081 908 4131 in
918 4080 1090 4131 diucnatlono
1098 4077 1129 4128 1..
1139 4079 1171 4128 B.
1185 4083 1257 4129 1833.
1296 4144 1299 4153 Ι
