2910 4950
766 376 831 442 208

341 581 456 651 Adhuc
486 582 581 648 unius
613 581 693 671 legis
721 581 841 647 mentio
871 578 1016 647 facienda
1045 604 1111 649 csse
1139 582 1265 652 videtur
1287 610 1328 655 ex

296 696 374 761 actis
405 718 554 762 causaris
589 693 629 759 ab
658 715 801 760 anronro
831 693 1071 782 promulgatae,
1104 717 1186 782 quae
1216 697 1327 766 codem

296 808 366 873 iure
392 831 429 875 ac
460 808 512 874 lex
544 810 692 895 Pompeia
722 811 760 874 de
786 808 854 874 iure
876 808 1110 893 mapietratuam
1141 808 1247 876 locum
1269 810 1328 876 sibi

295 919 434 986 vindicat
463 922 546 986 inter
576 920 662 1007 leges
693 931 805 986 contra
834 920 988 985 ambitum
1016 919 1110 1000 latas,
1136 944 1199 1008 qua
1222 925 1327 989 sanci·

294 1039 381 1095 tum:
418 1053 484 1113 „ne
519 1031 694 1116 praetoriae
727 1029 907 1117 provinciae
941 1029 1015 1116 plus
1053 1053 1150 1117 quam
1186 1054 1326 1113 annum,

295 1163 404 1224 „neve
422 1141 495 1228 plus
513 1164 610 1228 quam
628 1142 793 1208 biennium
815 1140 999 1209 consulares
1019 1141 1239 1211 obtinerentur
1261 1145 1325 1234 ¹).'’

708 1401 922 1412 ——u-a

708 1418 922 1428 ——u———n

341 1589 467 1655 Habetis
496 1590 566 1660 Viri
589 1588 775 1655 Clarissimi!
800 1590 1035 1677 responsionem
1059 1611 1163 1656 meam
1182 1590 1326 1678 qualern·

296 1724 422 1787 cunque
460 1700 500 1766 ad
538 1702 753 1787 quaestionem
792 1701 831 1766 do
868 1701 1005 1768 ambitus
1045 1701 1191 1782 historia,
1227 1726 1325 1790 quam

295 1812 460 1901 splendido
479 1812 606 1901 epilogo
621 1813 709 1878 vobis
729 1813 968 1893 commendare,
981 1814 1069 1880 nefas
1088 1838 1153 1880 esse
1170 1825 1263 1901 puto;
1279 1854 1325 1867 -

295 1948 360 1991 uon
383 1926 467 1990 euim
491 1926 523 1990 iu
547 1932 659 2012 campo
682 1948 740 2012 per
757 1924 923 1991 blanditias
942 1925 996 1992 sed
1015 1948 1034 1991 a
1052 1925 1208 1992 iudicibus
1225 1926 1326 1993 hono·

297 2061 365 2104 rem
386 2038 539 2125 petimus,
558 2037 762 2124 palmamque
777 2038 985 2125 propositam3
1008 2061 1105 2125 quam
1123 2045 1327 2125 quum'prac·

295 2152 462 2217 stantiores
491 2149 609 2216 aemuli
640 2150 718 2215 mihi
748 2151 869 2237 eripere
899 2152 1034 2238 possint,
1066 2174 1190 2238 semper
1221 2162 1327 2217 tamen

295 2285 373 2350 prae
408 2286 458 2328 me
493 2262 593 2327 feram
624 2261 852 2328 iucunditatem
883 2273 915 2328 et
944 2263 1128 2343 utilitatem,
1160 2286 1257 2350 quam
1287 2285 1328 2329 ox

296 2375 462 2440 ambitioso
484 2374 581 2440 hocce
604 2373 713 2439 labore
736 2376 872 2461 percepi.

341 2486 476 2552 Felicem
502 2509 553 2551 me
576 2486 780 2573 praedicabo,
805 2487 847 2565 si,
873 2484 959 2572 quod
981 2508 1107 2572 sperare
1131 2487 1183 2550 vix
1206 2487 1325 2565 ausim,

297 2598 381 2663 hanc
404 2595 540 2684 opellam
564 2597 692 2662 honoris
710 2598 852 2684 praemio
874 2596 1005 2684 dignam
1028 2597 1253 2675 iudicaveritis,
1278 2597 1326 2663 sin

297 2732 387 2776 secus
404 2707 540 2787 accidat,
565 2708 669 2797 erigat
687 2731 740 2774 me
757 2707 940 2775 Tullianum
964 2708 1063 2788 illud,
1087 2707 1172 2796 quod
1191 2707 1328 2796 symboli

297 2820 369 2887 loco
390 2820 442 2887 hic
465 2818 641 2886 subscribo:

434 2954 551 3037 „Quod
575 2957 602 3020 ei
631 2978 721 3042 paena
750 2968 802 3020 aut
829 2965 943 3020 natura
973 2978 1030 3020 sua
1060 2967 1113 3022 aut
1139 2956 1329 3042 praestantia

389 3068 529 3152 „inperii
554 3069 598 3131 oia
619 3070 757 3157 dejiciet,
782 3080 835 3132 aut
857 3068 955 3131 minare
977 3068 1138 3133 instaretur
1160 3068 1218 3132 erit
1241 3089 1328 3153 mop-

390 3204 526 3262 „narum
542 3181 655 3263 arnum
673 3181 850 3266 disciplinas,
872 3191 972 3245 teneat
992 3192 1094 3244 tamen
1111 3201 1178 3245 earn
1193 3202 1326 3256 cursum,

390 3315 504 3378 „pacm
528 3292 654 3378 poterit.
704 3291 820 3357 Prima
846 3292 927 3356 enirn
956 3303 1140 3378 aequantem,
1174 3293 1329 3358 honestam

391 3415 461 3483 „eat
482 3403 515 3466 in
537 3404 691 3484 secundia,
716 3404 848 3471 tertiisve
870 3402 1064 3470 oomietere.’'

843 3540 980 3618 Cranno,
1005 3537 1122 3604 Orator
1146 3539 1164 3603 1
1188 3539 1204 3621 ξ
1228 3537 1259 3603 4.

301 3670 524 3689 *u—u—

337 3764 357 3830 ¹)
375 3766 430 3818 Cro.
448 3767 517 3817 Phil.
537 3769 559 3816 Ι.
579 3774 593 3817 8
612 3767 625 3832 t
646 3772 684 3817 la.
