2910 4950
688 400 750 468 137

210 616 241 683 in
264 615 431 682 novissima
455 610 591 677 editione
613 611 802 689 utanimodi,
833 634 937 699 nequo
959 636 1027 692 eos,
1057 616 1112 700 qui
1135 615 1231 681 dabe-

208 741 315 795 reatur
337 727 466 815 legunt,
495 746 595 809 quum
620 724 731 790 dedere
753 724 832 812 sign.
858 726 1016 790 dubitandi
1038 728 1160 813 saepius
1182 727 1232 792 le*-

210 851 306 929 gatur
342 837 427 924 apud
457 858 638 903 ercesonru
660 836 699 924 ¹).
747 837 857 901 Sctum
880 860 906 901 11
932 836 1046 923 pendet
1068 860 1087 901 a
1109 837 1231 922 priore;

208 974 283 1017 nam
314 960 384 1015 erat
414 960 542 1014 cautum
573 959 610 1012 ut
637 947 753 1034 inquiri
776 947 884 1013 liceret
906 948 991 1035 apud
1015 949 1233 1035 magistratus,

210 1064 360 1151 quoniam
390 1084 455 1128 rrso
481 1084 545 1127 non
575 1060 702 1127 carebat
723 1061 898 1146 suspicione
923 1061 1009 1146 quod
1039 1061 1125 1126 domi
1151 1060 1235 1126 divi·

209 1199 294 1241 sores
323 1175 461 1242 haberet.
507 1172 621 1238 Addita
646 1182 693 1238 est
722 1195 823 1258 poena
853 1196 892 1237 ex
921 1174 995 1237 Scto
1022 1173 1122 1237 altero
1153 1174 1236 1237 utis

208 1289 299 1354 cuius
328 1287 413 1353 domi
441 1286 589 1353 divisores
612 1284 764 1350 haberent
786 1288 807 1352 i.
827 1309 855 1351 e.
880 1286 935 1371 qui
961 1285 1112 1349 continuo
1135 1292 1237 1348 essent

209 1401 354 1485 occupati
375 1392 513 1462 nummis
535 1394 730 1472 dividundis,
757 1395 905 1460 adversus
927 1398 1040 1481 Remp.
1065 1395 1172 1460 fecisse
1190 1393 1236 1459 vi·

209 1511 347 1576 deretur.
396 1511 553 1574 Portemus
576 1507 636 1572 hae
659 1508 691 1571 in
720 1530 756 1572 re
779 1506 916 1573 multum
941 1506 1060 1571 adiuvit
1081 1529 1235 1586 sensuro,

210 1623 266 1708 qui
288 1621 382 1686 etiam
406 1620 587 1707 designatus
610 1630 671 1698 est;
698 1619 783 1705 quod
802 1622 916 1685 scimus
935 1630 1003 1683 tum
1021 1642 1059 1683 ex
1083 1637 1237 1685 nicanora

210 1731 233 1800 l.
254 1733 276 1800 l.
308 1743 376 1799 tum
403 1756 443 1798 ex
473 1755 661 1798 rnurnncno
683 1743 833 1797 narrante
851 1733 878 1820 ²)
909 1754 1070 1798 roserias
1093 1754 1237 1797 corrum-

210 1864 284 1929 pere
309 1844 443 1909 voluisse
463 1867 611 1911 cimorra
635 1866 781 1909 ursonem
805 1844 854 1908 nt
875 1850 930 1917 τῆς
949 1842 1150 1916 οἰκειότητος,
1170 1863 1236 1907 ma·

211 1956 359 2019 trimonio
390 1956 527 2020 ineundo
556 1978 629 2021 cum
656 1977 789 2020 caronis
819 1952 870 2017 vel
897 1951 981 2017 illius
1011 1951 1126 2017 sororis
1155 1950 1235 2028 filia,

213 2064 298 2150 quod
321 2087 421 2151 quum
445 2067 475 2129 ei
497 2088 561 2130 non
584 2067 710 2130 cesserit
736 2064 869 2150 pecunia
895 2062 1114 2148 pronuntiasse
1136 2062 1236 2126 tribu·

212 2175 266 2240 tim
288 2176 362 2256 ὑπὲρ
384 2176 554 2258 Ἀφρανίου
576 2197 656 2262 quae
680 2175 877 2241 dividebatur
891 2175 922 2237 in
939 2173 1037 2237 hortis
1055 2194 1183 2239 rourum
1196 2173 1236 2262 ⁸).

256 2289 340 2353 Loco
366 2310 384 2352 a
406 2311 517 2355 nermo
532 2288 558 2377 ⁴)
580 2288 708 2354 laudato
724 2312 762 2353 ex
779 2285 948 2351 Planciano
962 2285 1008 2373 ⁶):
1034 2336 1052 2367 „
1063 2284 1146 2350 tltud
1162 2306 1237 2351 vero

211 2400 360 2482 „crimen
379 2397 418 2464 de
440 2401 595 2479 nummis,
621 2423 699 2487 quos
724 2399 757 2465 in
780 2400 864 2465 circo
886 2398 1040 2462 Flaminio
1062 2396 1237 2483 deprehen·

211 2533 288 2593 „sos
311 2510 413 2576 dixisti
440 2512 537 2577 caluit
558 2536 593 2577 re
616 2512 752 2590 recenti,
784 2534 870 2577 nune
898 2512 930 2575 in
954 2530 1049 2575 eausa
1071 2507 1235 2588 refrixit‚”

211 2619 362 2708 permulti
403 2632 528 2707 possent
569 2621 656 2702 eddi3
700 2644 775 2687 nam
817 2623 848 2686 in
892 2643 1083 2706 unoquoque
1122 2620 1237 2687 iudicio
1269 2684 1272 2689 .

212 2753 317 2796 sermo
339 2742 408 2794 erat
429 2731 468 2794 de
491 2734 631 2817 pecuniis
652 2731 852 2818 deprehensis
873 2732 914 2818 8).
967 2730 1028 2796 Sed
1051 2731 1168 2795 habent
1190 2731 1237 2796 illi

212 2842 272 2908 loci
295 2840 374 2906 nihil
396 2864 565 2907 commune
591 2866 664 2908 cum
689 2844 767 2908 Setis
789 2841 828 2905 de
851 2842 965 2928 quibus
991 2866 1077 2908 nune
1100 2844 1235 2931 agimus.

210 2956 308 3020 Erant
339 2953 394 3017 illa
421 2955 585 3042 privilegia
612 2953 677 3018 fere
709 2955 741 3017 in
771 2974 904 3018 risorem
927 2953 1099 3020 consulem.
1146 2957 1237 3037 Quae

212 3065 296 3153 apud
322 3087 503 3131 escanouru
527 3065 548 3132 l.
562 3064 583 3131 l.
610 3064 631 3131 l.
646 3064 667 3131 l.
696 3064 848 3153 leguntur
870 3073 961 3128 erant
984 3065 1078 3127 vetita
1100 3064 1133 3129 in
1156 3088 1236 3130 uuo·

212 3199 340 3262 quoque
362 3176 528 3242 candidato
547 3188 578 3241 et
600 3176 815 3263 puniebantur
836 3200 876 3241 ex
894 3197 1086 3262 unaquaque
1105 3175 1175 3264 lege
1198 3177 1237 3242 de

213 3288 342 3355 ambitu.
390 3290 497 3354 Circus
521 3288 691 3354 Flaminius
713 3289 920 3354 adhibebatur
936 3288 1075 3375 pecuniis
1092 3288 1237 3354 dividun-

212 3399 275 3480 dis,
300 3402 451 3487 quoniam
470 3401 547 3466 illue
564 3401 706 3467 solebant
723 3404 858 3468 Romani
877 3403 1034 3472 tenuiores
1052 3404 1235 3482 convenire,

246 3657 267 3718 ¹)
284 3659 352 3709 Vide
369 3676 392 3708 v.
410 3676 431 3709 c.
449 3674 499 3710 erc.
518 3676 542 3725 p.
561 3662 633 3712 Rosc.
652 3661 713 3712 Am.
732 3666 764 3711 46
785 3665 800 3726 ξ
821 3669 877 3713 132.

247 3739 267 3807 ²)
286 3744 368 3793 Pnur.
386 3744 476 3807 Pomp.
496 3751 537 3794 44.

248 3824 269 3890 ⁵)
286 3829 359 3878 Idem
377 3838 493 3878 narratur
510 3846 526 3879 a
542 3845 618 3880 narr.
636 3830 691 3881 Cat
710 3831 775 3881 Min.
795 3836 836 3880 ³0.

249 3909 269 3975 ²¹)
287 3915 363 3965 Rus.
382 3930 421 3979 op.
441 3915 457 3964 l.
477 3931 500 3979 p.
521 3920 578 3964 713.

249 3995 268 4063 1)
286 3998 340 4049 Cre.
357 4016 380 4063 p.
402 3999 488 4050 Plane.
507 4005 540 4048 23
559 3999 571 4063 t
590 4004 630 4047 55.

249 4079 269 4147 θ)
287 4085 354 4135 Vide
372 4099 421 4136 cac.
440 4100 463 4149 p.
480 4085 547 4134 Mur.
568 4088 599 4133 26
620 4086 635 4147 §
654 4089 694 4133 54.
