2910 4950
667 390 706 457 41

174 599 250 666 Βοὴ.
271 621 311 664 ex
332 620 443 665 eorum
466 619 617 678 numero,
649 600 704 685 qui
727 597 767 664 ad
790 570 894 687 legem
917 598 1094 666 Corneliam
1118 600 1196 665 Bae·

175 710 258 775 biam
280 712 468 798 pertineant.
513 711 609 776 Cuius
632 711 691 790 rei,
715 733 757 776 ne
779 720 898 777 temere
920 710 998 776 haeo
1020 711 1132 776 dixisse
1150 711 1198 775 ri·

174 820 265 902 dean,
290 834 322 887 et
340 823 494 902 alterum,
513 821 607 909 idque
624 821 752 888 fortasse
768 824 861 888 etiarn
877 825 1006 911 gravius
1024 844 1199 911 argumen-

174 943 243 998 tum
266 935 409 1001 afferam.
456 936 529 1017 Quo
551 935 719 1021 disputatio
742 957 811 1001 mea
834 934 948 1001 melius
970 933 1132 1022 procedat,
1146 933 1199 1000 de·

174 1045 308 1111 scribam
340 1045 445 1113 locum
472 1069 512 1112 ex
531 1046 645 1114 schol.
676 1046 753 1114 Bob.
784 1045 825 1112 ad
848 1070 875 1115 c.
901 1046 932 1114 5.
962 1068 1025 1114 arc.
1054 1046 1142 1114 Orat.
1166 1069 1198 1135 p.

174 1156 264 1243 Sylla
287 1156 327 1246 ¹).

220 1270 305 1351 „iiio
330 1268 453 1359 (anta)
479 1271 523 1337 ita
546 1270 665 1357 quievit
687 1278 724 1336 ut
744 1293 784 1335 ex
803 1292 841 1336 eo
858 1278 1000 1357 tempore
1016 1271 1104 1338 omni
1120 1271 1200 1335 Nea·

175 1381 268 1467 „poli
291 1380 420 1448 fuerit’'

221 1493 406 1575 „Quoniam
428 1491 528 1558 videri
549 1501 673 1580 poterat
691 1517 717 1561 r.
738 1515 836 1561 arnus
855 1493 1022 1560 damnatus
1040 1494 1201 1559 conscien-

174 1606 247 1688 „tia
280 1604 393 1670 detecti
425 1606 564 1671 criminis
596 1605 776 1695 (damnatus
804 1616 873 1673 erat
906 1604 946 1672 de
976 1605 1098 1671 ambitu
1127 1626 1202 1671 eum

174 1718 347 1796 Autronio,
379 1739 478 1804 quum
501 1727 637 1805 uterque
658 1729 729 1785 erat
750 1718 863 1785 consul
886 1718 1080 1806 designatus)
1107 1717 1200 1801 ‚,sui,

175 1879 193 1913 ,‚
203 1828 242 1894 ab
273 1827 371 1894 oculis
395 1830 538 1894 omnium
566 1830 725 1896 secessisse
755 1840 788 1896 et
816 1830 928 1896 urbem
958 1832 1092 1895 Romam
1124 1828 1203 1894 reli-

175 1942 321 2028 ‚,quisse,
353 1932 458 2006 trahit
475 1951 581 2006 orator
604 1941 644 2007 ad
666 1940 875 2008 verecundiae
901 1949 1129 2030 argumentum
1150 1939 1202 2005 di-

175 2075 277 2135 „cens
300 2062 466 2137 eapropter
488 2049 547 2116 sub
571 2049 671 2116 oeulis
693 2073 758 2116 ease
791 2050 908 2115 civium
942 2049 1093 2128 noluisse,
1118 2046 1204 2135 quod

176 2161 403 2245 „erubesceret
427 2163 460 2226 in
482 2161 590 2247 aliquo
612 2163 694 2226 vitae
717 2184 792 2227 suae
815 2160 951 2227 articulo
971 2160 1124 2227 honorem
1148 2159 1202 2225 de·

176 2272 369 2356 ‚,floratum‚
405 2272 653 2361 dignitatemque
687 2273 875 2341 mutilatam.
928 2275 992 2338 Nec
1024 2274 1150 2340 moverit
1171 2271 1199 2361 ²)

121 2375 127 2383 ’
175 2406 260 2468 „uos
282 2384 368 2472 quod
391 2385 434 2450 ita
456 2385 607 2472 loquatur
628 2384 667 2450 de
689 2407 787 2450 sruun
811 2406 928 2451 cronno
951 2384 1040 2471 quasi
1066 2382 1202 2449 damna-

177 2507 251 2579 „tus
273 2497 404 2562 erimine
426 2497 563 2562 ambitus
585 2496 731 2563 habuerit
751 2499 872 2563 Romae
894 2494 1078 2563 demorandi
1102 2493 1203 2563 facul·

72 2640 90 2664 ο
177 2658 196 2689 ,‚
204 2618 311 2674 tatem.
365 2607 481 2673 Habuit
514 2609 599 2674 euim
633 2608 807 2675 secundum
842 2609 947 2697 legem
985 2607 1202 2694 Calpurniam.

177 2721 284 2803 „Nam
302 2719 516 2807 superioribus
530 2721 724 2807 temporibus
740 2720 880 2786 damnati
898 2720 969 2808 lege
983 2719 1129 2784 Cornelia
1143 2717 1204 2784 hoo

176 2854 306 2920 „genus
337 2853 456 2918 poenae
478 2831 621 2896 ferebant
648 2843 684 2896 ut
706 2833 949 2920 magistratuum
977 2829 1125 2916 petitione
1146 2846 1204 2916 pet·

176 2941 314 3027 „decem
349 2962 448 3006 annos
478 2939 679 3007 abstinerent.
730 2941 902 3027 Aliquanto
932 2951 1038 3027 postea
1067 2943 1204 3007 severior

64 3136 68 3149 ι
178 3104 198 3137 „
207 3052 260 3119 lex
293 3052 465 3139 Calpurnia
486 3063 519 3118 et
540 3053 674 3139 pecunia
700 3052 867 3118 mulctavit
896 3053 985 3117 etin
1015 3060 1204 3138 perpetuum

177 3163 379 3248 „honoribus
400 3164 490 3230 iussit
511 3186 619 3231 carere
641 3163 814 3231 damnatos.
854 3161 1018 3229 Habebaut
1037 3173 1142 3228 tamen
1166 3160 1203 3227 li-

176 3279 340 3360 ‚,centiam
363 3280 483 3342 Rornae
505 3275 666 3343 morandi·
706 3277 817 3341 Postea
842 3275 905 3340 iam
928 3273 1083 3340 damnatis
1105 3256 1204 3340 arnna

178 3398 235 3471 „et
253 3411 416 3454 auraosro
435 3411 569 3475 poenam
588 3389 768 3476 graviorem
783 3386 927 3454 consules
945 3408 974 3454 c.
995 3408 1151 3452 erroneus
1173 3394 1206 3452 et

179 3521 324 3583 „orcum
357 3511 547 3579 sanxerunt,
583 3510 620 3565 ut
647 3510 773 3586 praeter
798 3499 877 3565 haeo
903 3498 1059 3564 veteribus
1083 3496 1207 3586 legibus

179 3613 376 3696 „constituta
399 3613 492 3679 etiarn
519 3611 614 3678 exilio
636 3610 903 3678 mulctarentur.''
950 3611 1032 3675 Sunt
1049 3608 1127 3675 haec
1146 3629 1206 3695 pro

179 3713 268 3811 parte
298 3747 388 3802 vera,
413 3725 467 3791 sed
489 3749 554 3792 uon
581 3725 625 3791 ita
643 3726 759 3813 scripta
777 3735 814 3793 ut
831 3723 1004 3810 unicuique
1026 3718 1206 3793 satisfaoera

179 3836 298 3923 possint
320 3836 466 3902 omnibus
488 3837 678 3906 nominibus.

197 3967 420 3980 ———

215 4009 235 4073 1)
254 4010 354 4062 Oautr..
373 4027 397 4076 p.
416 4015 475 4061 361.
494 4026 518 4077 p.
538 4017 579 4061 2³st
596 4012 655 4064 Vol.
675 4014 709 4062 V.

215 4091 237 4160 ²)
253 4095 316 4159 Lag.
334 4095 438 4146 nwoebit.
