2910 4950
779 403 842 466 180

301 610 394 693 Quod
425 609 465 674 ad
488 630 737 686 ournerrnmnnn
761 609 872 674 attinet
899 608 1024 676 ridetur
1045 608 1100 674 ille
1124 608 1211 675 locus
1233 608 1326 676 intel·

300 721 385 788 lectu
414 722 487 787 satis
517 720 650 786 difficilis
672 720 727 786 sed
749 721 811 786 illis
833 720 936 786 verbis
962 744 1027 786 uon
1053 721 1210 787 indicatur
1232 745 1326 788 sctu-

301 854 369 896 nun
391 829 439 896 bis
461 854 552 895 reum
570 830 707 895 ambitus
727 830 829 896 fuisse.
881 830 1015 917 [verbm
1041 854 1148 917 „quae
1166 854 1261 897 causa
1279 846 1328 898 est

300 945 359 1026 „in
379 941 632 1008 commentariis''
652 941 838 1028 explicanda
856 953 930 1009 sunt
944 967 984 1008 cx
1000 966 1038 1008 eo
1055 966 1144 1008 more
1163 953 1324 1009 oratorum

301 1059 520 1122 Romanorum
551 1053 590 1118 de
620 1076 684 1139 quo
709 1076 804 1141 supra
827 1055 962 1142 egimus;
988 1078 1062 1120 nam
1086 1056 1204 1135 oratio,
1230 1078 1327 1141 quam

300 1167 492 1246 habuerant,
520 1189 579 1232 nec
603 1176 709 1231 tamen
731 1165 895 1232 ediderant
917 1166 1079 1232 dicebatur
1101 1190 1166 1232 esse
1188 1168 1221 1231 in
1241 1189 1328 1232 com·

301 1279 462 1345 metrtariis
483 1279 523 1367 ¹).
570 1278 621 1343 Sic
640 1301 704 1343 una
727 1301 837 1357 eausa,
863 1301 959 1364 quam
980 1278 1104 1345 dixerat
1125 1302 1184 1365 pro
1205 1301 1328 1344 scanno

301 1390 550 1479 repetundarum
581 1414 653 1469 reo,
686 1391 776 1456 cuius
801 1412 875 1476 pars
903 1389 1007 1456 adhue
1037 1403 1179 1477 superest
1200 1413 1219 1456 a
1241 1413 1329 1457 crcu-

303 1527 389 1570 nertr
417 1502 498 1567 edita
525 1512 587 1581 est;
620 1502 720 1567 altera
741 1526 800 1589 pro
822 1525 943 1568 scauro
969 1503 1105 1570 ambitus
1127 1527 1183 1569 reo
1205 1504 1328 1583 habita,

305 1628 374 1683 erat
407 1617 439 1681 in
475 1615 706 1680 commentariis
740 1639 818 1701 quos
848 1638 925 1682 erno
960 1614 1027 1697 „ad
1057 1637 1204 1702 praesens
1233 1615 1331 1682 modo

304 1737 456 1811 „tempus
479 1734 599 1810 aptatos
623 1724 802 1789 contraxit”
817 1725 871 1813 ²).]

348 1839 386 1902 in
417 1836 477 1903 hoc
506 1834 621 1900 iudicio
647 1858 782 1901 secunus
813 1836 980 1903 damnatus
1002 1846 1049 1904 est
1073 1839 1113 1926 ³).
1160 1839 1206 1903 Ex
1227 1838 1332 1904 verbis

306 1973 368 2018 ete.
393 1950 416 2016 l.
441 1948 462 2014 l.
487 1971 551 2012 nen
575 1958 677 2033 potest
706 1948 816 2015 confici
842 1949 928 2035 quod
950 1973 1036 2017 narr.
1062 1950 1185 2016 scribit:
1211 1973 1332 2031 „senu-

303 2085 388 2146 „nus
410 2059 518 2125 warde
541 2059 739 2125 condemnirt
758 2061 824 2126 und
842 2061 1001 2126 wanderte
1023 2062 1073 2128 ins
1091 2060 1194 2128 Exil.”
1218 2063 1334 2128 Arru-

304 2199 361 2240 rns
390 2184 495 2245 tamen
522 2169 635 2235 diserte
665 2171 726 2236 hoc
756 2171 851 2237 tradit
872 2183 916 2251 et,
930 2173 1081 2258 quoniam
1105 2194 1232 2238 causam
1255 2172 1335 2238 dixit

306 2309 347 2352 ex
376 2284 446 2372 lege
478 2282 627 2368 Pompeia
656 2305 696 2346 cx
721 2281 752 2350 h.
786 2282 807 2348 l.
839 2293 940 2369 potest
970 2282 1080 2348 confici
1107 2304 1190 2369 aqua
1213 2292 1244 2348 et
1266 2284 1334 2371 igni

306 2395 559 2463 interdictionem
572 2393 642 2480 lege
654 2394 802 2480 Pompeia
818 2394 857 2459 de
870 2394 991 2461 ambitu
1007 2395 1101 2461 fuisse
1120 2396 1332 2462 constitutam.

350 2509 391 2574 V.
426 2507 464 2572 A.
490 2526 652 2582 uenturus,

307 2592 483 2707 postulatus
505 2615 544 2681 de
567 2615 689 2681 ambitu
712 2639 731 2682 a
754 2642 781 2684 r.
806 2642 919 2698 surae,
952 2618 1165 2686 subscribente
1186 2619 1334 2706 privigne

307 2754 450 2809 nennio,
467 2729 564 2795 fratre
583 2731 1006 2820 erectr10,suniefi110⁴).
1031 2734 1108 2797 Erat
1126 2730 1180 2797 ille
1198 2754 1225 2798 r.
1238 2754 1334 2796 sunta

309 2844 393 2910 idem
416 2843 470 2930 qui
494 2864 522 2907 a.
546 2864 578 2908 u.
603 2865 631 2908 c.
657 2843 732 2910 689.
757 2866 785 2909 a.
810 2845 843 2911 C.
870 2843 911 2909 65
935 2854 1003 2909 erat
1023 2843 1134 2910 consul
1155 2841 1335 2930 designatus

344 3080 364 3147 ¹)
384 3083 439 3149 [Sic
456 3085 524 3135 enim
542 3083 627 3133 scribit
644 3097 773 3140 eumcrm
792 3082 855 3134 LO.
873 3083 908 3134 X.
927 3086 939 3134 7
958 3086 973 3146 ξ
988 3089 1030 3134 30.
1060 3083 1233 3146 uPlerumqne
1250 3087 1336 3132 autem

312 3167 412 3216 urnulta
439 3168 570 3231 agentibus
598 3168 699 3226 accidit,
723 3174 751 3217 ut
779 3168 892 3217 maxime
919 3169 1070 3228 necessaria,
1098 3175 1123 3218 et
1151 3170 1239 3233 utique
1264 3167 1337 3217 initia

312 3252 456 3313 nscribuut,
473 3261 569 3311 cetere,
584 3267 649 3317 quae
663 3253 738 3300 dorne
753 3251 860 3302 efferunt
875 3253 1024 3315 cogitatione
1038 3251 1243 3316 complectentur.
1261 3250 1338 3312 Quod

314 3335 419 3386 utecine
442 3351 472 3386 rr.
491 3350 608 3386 renerum
631 3338 816 3386 commentariis
840 3338 916 3400 ipsius
933 3339 1057 3400 apparet”
1075 3363 1110 3371 —
1128 3344 1152 3384 et
1169 3335 1255 3400 paullo
1269 3340 1337 3399 poet:

312 3419 376 3466 used
402 3420 433 3479 ii,
460 3421 490 3469 de
513 3422 603 3485 quibus
629 3422 718 3486 loquer
743 3423 916 3471 commentarii
939 3422 975 3470 ita
996 3428 1055 3469 runt
1078 3422 1161 3470 exacti
1184 3428 1213 3470 ut
1233 3420 1338 3485 abipso

314 3501 398 3550 nmihi
415 3502 442 3551 in
459 3505 606 3553 memoriam
623 3506 772 3569 posteritatis
788 3506 919 3555 rideantur
937 3519 989 3555 esse
1006 3505 1160 3568 compositi”
1180 3504 1219 3556 Cf.
1233 3506 1339 3555 omnine

310 3599 374 3648 quae
393 3585 511 3648 leguntur
528 3602 605 3652 nsque
623 3590 654 3637 ud
671 3591 748 3640 finem
765 3591 839 3640 huius
856 3590 964 3654 capitu]

347 3665 368 3732 ²)
387 3671 442 3734 [Sic
465 3685 559 3720 emano
581 3689 660 3735 quum
683 3690 734 3725 non
751 3676 851 3725 dixerat
869 3690 912 3734 ea,
936 3690 987 3739 que
1005 3676 1092 3727 solitus
1114 3681 1168 3726 erat
1184 3676 1338 3735 constantia,

313 3756 452 3805 orat-ionem
477 3771 522 3819 pre
548 3771 650 3807 urrann
677 3774 728 3808 non
755 3760 831 3809 edidit
838 3781 844 3817 ;
871 3761 914 3808 aed
937 3775 1013 3823 quam
1040 3775 1086 3809 nos
1108 3760 1230 3811 habemus
1252 3754 1339 3824 postea

312 3841 417 3903 scripsit.
452 3841 543 3891 Altera
560 3851 613 3892 erat
631 3845 657 3892 iu
677 3845 871 3893 commentariis.
905 3844 969 3893 Asc.
988 3860 1012 3909 p.
1030 3858 1073 3895 oa.
1093 3850 1134 3894 ⁴2.
1152 3845 1212 3896 vide
1228 3845 1338 3897 eundem

312 3937 336 3986 p.
357 3929 398 3974 87.
416 3926 448 3974 ci.
466 3942 567 3983 eumer.
587 3927 650 3979 LO.
667 3928 690 3978 1.
710 3934 724 3978 8
745 3931 759 3992 §
780 3934 818 3978 19.
837 3929 888 3978 ΠΙ.
908 3933 922 3978 6
943 3931 957 3992 ξ
976 3929 1031 3993 59.]

346 4002 367 4073 ὅ)
385 4010 455 4059 Are.
473 4012 504 4060 B.
523 4012 552 4062 c.
571 4014 607 4061 11,
627 4017 668 4061 24.
686 4025 735 4063 cre.
753 4015 785 4063 ue
802 4014 844 4062 off.
862 4013 885 4062 1.
903 4018 936 4063 as
957 4016 972 4077 ς
992 4018 1048 4064 rae.

348 4092 368 4158 ¹³)
386 4093 441 4145 Cre.
460 4096 499 4145 ud
518 4095 550 4158 Q.
569 4097 598 4146 fr.
617 4098 668 4147 111.
687 4103 703 4146 3
721 4099 753 4147 ed
770 4098 827 4148 Att.
844 4099 893 4149 tv.
915 4103 953 4148 te.
