2910 4950
792 253 822 285 θ

718 386 738 449 3

255 565 398 632 Ambitus
414 576 461 632 est
476 566 498 631 i.
518 589 549 652 q.
568 567 709 633 circuitis
727 575 804 633 teste
820 567 1011 656 vnaaoun1)
1033 568 1089 655 qui
1107 566 1226 635 scribit:

211 701 313 762 „nem
332 678 469 744 ambitus
487 678 652 756 circuitus,
677 677 718 743 ab
735 701 837 765 eoque
857 681 919 743 XlI
938 678 1021 745 tabb.
1046 680 1233 767 interpretes

209 789 390 873 „ambitum
413 791 538 876 parietis
561 790 727 855 circuitum
746 813 812 856 esse
834 771 1048 856 describunt.”

254 890 339 968 Haec
365 902 515 990 primaria
537 901 684 967 vocabuli
706 925 771 969 esse
794 902 919 968 videtur
940 902 1126 992 significatio
1148 899 1233 988 quod

209 1022 242 1079 et
263 1012 400 1079 aliorum
423 1012 630 1080 confirmatur
652 1015 839 1080 auctoritate
863 1013 904 1102 ²).

255 1124 349 1205 Inde,
374 1125 428 1212 qui
451 1123 606 1211 populum
629 1124 838 1190 circumibant
861 1135 897 1190 ut
919 1123 1073 1190 honorem
1091 1132 1234 1210 peterent

209 1236 325 1303 ambire
351 1235 553 1316 dicebantur,
586 1235 672 1323 quod
693 1236 803 1302 iisdem
826 1234 903 1302 locis
925 1236 966 1301 ab
987 1235 1097 1301 iisdem
1119 1244 1234 1301 aucto·

209 1348 297 1414 ribus
318 1347 480 1415 docemur.
979 1336 985 1343 ¹

254 1462 322 1525 Hoc
354 1469 497 1546 tempore
534 1456 622 1524 aliud
660 1468 729 1524 erat
761 1457 929 1524 discrimen
962 1457 1045 1523 inter
1079 1455 1233 1523 vocabula

210 1570 402 1636 ambitionem
423 1580 454 1635 et
476 1571 637 1649 ambitam,
662 1592 756 1656 quam
777 1568 857 1636 illud
879 1568 918 1634 de
941 1591 1005 1656 quo
1026 1591 1102 1635 mox
1120 1590 1231 1656 agam3

209 1703 285 1747 nam
308 1681 437 1746 ambitur
458 1692 566 1768 postea
587 1680 650 1747 dici
668 1692 814 1768 coeptum
833 1681 930 1747 estin
950 1679 1087 1759 melam,
1112 1680 1235 1747 ambitio

211 1802 323 1860 contra
343 1794 376 1859 in
399 1792 515 1861 bonam
538 1804 672 1881 partam.

253 1906 330 1970 Erat
358 1915 452 1970 antea
479 1906 513 1971 in
541 1906 656 1970 ambita
683 1903 764 1970 nihil
794 1903 880 1990 quod
901 1914 995 1990 turpe
1017 1902 1183 1969 videbatur
1204 1911 1237 1968 et

211 2014 267 2101 qui
289 2015 444 2081 ambibunt
465 2016 634 2101 populum,
660 2016 821 2081 ambitione
846 2014 1046 2080 ducebantur
1068 2013 1089 2079 i.
1113 2036 1142 2079 e.
1165 2036 1236 2076 am-

212 2126 290 2190 bitus
306 2135 383 2190 tunc
400 2125 595 2213 significabat
612 2135 719 2190 actum
738 2124 848 2212 populi
863 2122 1096 2201 circumeundi,
1114 2122 1237 2187 ambitio

209 2235 408 2302 tribuebatur
429 2238 535 2302 animo
557 2237 641 2315 eius,
666 2238 721 2323 qui
745 2236 893 2302 ambibat.

231 2348 310 2411 <Est
338 2346 393 2412 illc
423 2370 498 2413 usus
527 2347 643 2414 horum
676 2347 904 2414 vocabulorum
934 2369 998 2411 non
1033 2355 1139 2410 tamen
1169 2344 1237 2410 sine

210 2458 408 2546 exceptione,
444 2471 480 2524 ut
512 2482 570 2546 per
603 2483 635 2524 se
666 2456 864 2546 intelligitur.
913 2457 974 2523 Sel
1001 2456 1119 2523 idcirco
1146 2456 1237 2544 posui

211 2569 295 2655 quod
317 2569 401 2658 apud
425 2592 608 2636 crcrnounu
630 2570 678 2660 ³),
702 2569 842 2656 aliosque
860 2569 961 2635 bonae
985 2579 1078 2634 notae
1100 2569 1235 2655 scripto-

210 2700 261 2747 res
282 2681 472 2768 plerumque
494 2681 554 2748 hoc
575 2681 743 2748 discrimen
766 2691 911 2747 servatur
932 2681 1016 2746 inter
1043 2679 1235 2744 ambitionem

210 2803 242 2858 et
263 2795 409 2858 ambitam
431 2793 516 2879 quod
540 2792 633 2858 modo
656 2794 756 2878 posui.

254 2904 333 2968 Utar
372 2902 471 2989 igitur
504 2923 573 2966 voc.
612 2901 783 2966 ambitionis
816 2910 853 2965 ut
885 2899 1013 2965 honoris
1052 2900 1233 2987 petitionem

210 3013 345 3091 licitam,
370 3013 498 3077 ambitus
520 3023 556 3078 ut
578 3011 706 3079 honoris
727 3011 908 3098 petitionem
927 3011 1068 3077 illicitam
1086 3009 1232 3077 indicem.

255 3124 391 3190 Ambitio
414 3124 507 3189 etiam
530 3123 615 3211 apud
645 3123 743 3189 bonas
766 3124 867 3189 latini
892 3122 1047 3189 sermonis
1067 3123 1235 3210 scriptores

209 3246 317 3323 postea
338 3235 500 3301 invenitur
522 3260 560 3302 eo
581 3259 676 3301 sensu
693 3235 841 3322 proprio,
865 3258 929 3321 quo
946 3245 1039 3300 antea
1059 3233 1232 3321 usurpaba-

210 3359 264 3415 tur
286 3357 323 3413 ut
344 3335 374 3413 vi
399 3369 427 3414 c.
450 3347 484 3412 in
507 3347 666 3413 notissimo
690 3347 745 3412 illo
767 3345 958 3413 Sallustiana
978 3345 1022 3435 ⁴):
1070 3345 1233 3428 „Ambitio

209 3460 352 3543 „multos
374 3458 523 3525 mortales
545 3457 639 3524 falsos
660 3458 729 3522 fieri
750 3457 891 3546 subegit,
923 3455 1010 3522 aliud
1032 3455 1177 3523 clausum
1199 3456 1232 3523 in

245 3724 256 3763 ¹
283 3729 381 3778 Vsauo
397 3728 430 3777 da
442 3727 545 3791 Linges
561 3726 801 3792 Lnt.1V.p9.ad.
819 3738 965 3777 scamnum.
981 3754 1017 3765 -
1030 3725 1140 3777 Amstel.
1159 3727 1233 3777 tata.

244 3809 265 3876 ²)
282 3813 352 3862 Nou.
371 3825 541 3873 mucuns,
558 3828 583 3877 p.
606 3816 661 3861 165.
680 3813 720 3863 ed
735 3810 844 3863 Gerlach
859 3820 884 3863 et
898 3812 973 3863 Roth.
987 3837 1022 3850 —
1035 3810 1147 3862 Basilice
1159 3812 1233 3859 18⁴2.

211 3896 312 3948 Fessus
331 3897 357 3946 in
375 3912 430 3947 roc.
448 3912 472 3960 p.
492 3901 515 3945 5.
534 3898 572 3945 ed.
591 3901 739 3947 ursanum.
774 3898 844 3962 Lipa.
866 3901 939 3946 lass.

246 3978 266 4046 ⁵)
284 3982 412 4041 Ennssrt,
429 3979 514 4030 Clavis
530 3978 609 4029 Cicer.
628 3996 681 4031 roc.
700 3978 802 4029 ambitio.

246 4064 268 4133 ⁴)
285 4068 366 4119 Saue.
384 4066 450 4117 Bell.
469 4063 543 4115 Catil.
565 4069 603 4113 11.
