2910 4950
712 382 754 444 87

220 591 325 655 invitis
346 588 487 675 patribus
502 610 531 655 a.
549 610 582 654 n.
603 609 630 653 c.
656 587 731 653 ost.
751 608 780 653 a.
799 587 833 652 C.
853 588 894 652 67
915 586 954 675 1).
1001 589 1084 675 Lege
1106 587 1242 653 ambitus

220 701 305 764 enim
327 699 385 764 soli
408 698 474 763 fere
494 697 684 764 tenebantur
704 698 885 775 Senatores;
910 718 985 763 nam
1008 709 1077 783 post
1095 708 1243 783 quaestu-

219 832 288 876 ram
311 811 479 876 veniebant
500 809 532 874 in
552 811 703 874 Senatum
721 819 754 873 et
776 809 816 874 ob
838 818 1041 894 quaesturam
1065 807 1241 895 adipiscen-

217 920 292 989 dam
318 944 427 1001 nemo,
457 920 568 1000 credo,
600 922 766 986 immensas
796 919 870 985 fecit
899 920 1091 1008 largit-iones.
1146 918 1242 1002 Quod

218 1032 278 1099 soli
300 1030 367 1096 fere
388 1040 572 1096 tenerentur
593 1052 631 1095 ee
654 1030 724 1119 lege
747 1032 913 1096 Senatores
934 1032 1029 1097 etiam
1052 1029 1243 1119 intelligitur

217 1164 260 1210 ex
278 1141 349 1207 loco
370 1162 537 1206 ciceronis
560 1140 600 1206 de
623 1163 687 1226 qno
709 1141 793 1206 infra
812 1139 853 1229 ²).

261 1253 449 1338 Ceteroquin
469 1251 550 1318 aliae
561 1262 684 1318 exstant
695 1251 782 1339 leges
797 1274 826 1317 c.
840 1273 990 1316 connrnrr
1002 1261 1041 1317 tr.
1055 1251 1098 1339 pl.
1112 1251 1241 1338 quibus,

218 1362 295 1450 quid
328 1364 495 1429 moliretur
527 1365 634 1428 animo
659 1374 779 1447 ‚contra
808 1364 916 1428 Patres
945 1365 1136 1450 conscriptos
1169 1365 1242 1429 sutis

217 1484 358 1561 apparet.
405 1476 471 1540 Nec
496 1475 611 1540 mirum
640 1475 675 1541 P.
698 1476 737 1540 ll.
762 1473 861 1540 odisse
883 1484 959 1540 tunc
982 1475 1125 1542 ordinem
1148 1475 1241 1543 illum

216 1584 461 1672 amplissimum,
494 1586 545 1650 cui
567 1608 642 1651 mox
668 1584 783 1652 iudicia
804 1585 831 1672 ⁸)
860 1608 965 1651 corre
989 1587 1060 1676 lege
1082 1610 1140 1653 sua
1167 1587 1240 1653 ade·

216 1697 289 1776 mlt3
323 1720 399 1762 nam
425 1698 588 1784 exprime
611 1698 733 1764 actione
759 1699 792 1762 in
816 1720 946 1763 vrnnru
968 1697 1149 1765 luculenter
1170 1701 1240 1788 pla-

217 1831 297 1874 num
315 1809 503 1875 estfactum
527 1831 624 1895 quam
646 1810 759 1896 cupide
781 1809 828 1874 illi
852 1808 1037 1878 iudicarent.
1070 1815 1116 1877 Ex
1140 1812 1240 1879 altera

216 1919 288 2007 lege
307 1941 337 1987 u.
357 1942 507 1985 coenem
527 1942 623 2006 quam
635 1919 708 1985 tulit
721 1921 760 1985 de
771 1918 875 2000 modo,
889 1942 954 2006 quo
965 1922 1034 2006 quis
1047 1921 1239 2009 legibussol-

215 2040 359 2109 veretur,
390 2031 534 2095 videmus
565 2030 641 2116 qnid
663 2031 820 2117 potentiae
838 2030 896 2095 sibi
915 2033 1094 2118 arrogarim
1116 2033 1237 2113 Patres,

215 2151 253 2205 ut
281 2142 399 2206 mirum
430 2163 495 2205 esse
524 2163 588 2206 non
620 2142 731 2226 possit,
762 2140 925 2227 aliquante
954 2143 1134 2230 graviorem
1164 2167 1239 2211 eum

214 2250 321 2317 tulisse
351 2251 455 2340 legem
486 2250 525 2317 de
555 2252 690 2330 ambitu,
722 2274 818 2338 quam
843 2254 976 2319 Senatus
1003 2253 1181 2340 repudiavit
1192 2255 1232 2346 ⁴).

212 2364 337 2429 Sediam
374 2365 552 2431 accuratius
580 2373 767 2443 tractemus,
799 2386 881 2451 qnae
908 2365 998 2431 nobis
1026 2367 1235 2433 innotuerunt

212 2472 251 2541 de
273 2473 345 2564 lege
367 2497 398 2543 u.
422 2497 574 2543 nouorum
596 2474 636 2542 de
658 2475 790 2543 ambitu.

689 2642 708 2749 s
729 2641 760 2705 s.

495 2800 510 2824 ·
570 2780 638 2847 Les
661 2802 691 2849 c.
715 2802 875 2849 corrant.

542 2904 568 2940 Α.
586 2905 612 2940 u.
630 2904 655 2941 c.
674 2892 733 2941 687.
768 2905 794 2941 Α.
812 2905 836 2942 c.
855 2896 896 2942 67.

182 3057 187 3068 ·
256 3035 388 3124 Legitur
416 3032 502 3120 apud
530 3056 597 3101 sse.
622 3057 691 3101 ern.
711 3033 738 3122 ⁵)
771 3035 877 3117 „elias
903 3056 1031 3124 quoque
1055 3040 1234 3128 complures
1286 3073 1289 3079 ·

211 3144 326 3234 „leges
348 3166 523 3211 coarsuros
542 3142 775 3234 promulgavit,
800 3144 914 3231 quibus
928 3145 1071 3234 plerique
1088 3148 1115 3239 ⁶)
1138 3149 1235 3218 colle.

245 3307 267 3375 ¹)
284 3310 381 3359 Eodem
398 3324 466 3358 anne
483 3296 598 3360 tribunus
615 3310 649 3374 pl.
667 3309 714 3359 luit
731 3322 754 3360 ο.
772 3323 929 3371 murrum,
944 3327 995 3379 qno
1009 3313 1168 3367 consulatum
1180 3330 1232 3381 ges·

210 3393 244 3442 sit
259 3406 285 3441 u.
303 3406 466 3442 csnrrnsms
482 3407 555 3455 rrso,
573 3407 629 3444 sec.
646 3410 671 3459 p.
689 3409 732 3444 or.
754 3398 794 3444 75.

244 3471 266 3541 ἲ)
283 3476 338 3528 Clo.
357 3492 381 3541 p.
400 3477 467 3527 Mur.
488 3483 520 3528 23
540 3480 612 3542 §⁴7-
630 3480 688 3528 vide
705 3478 772 3529 infru
788 3480 820 3529 ed
836 3480 919 3544 legem
938 3482 1059 3533 Tullium

243 3556 264 3626 ὅ)
281 3560 349 3610 Vide
366 3561 432 3610 inter
449 3562 533 3625 plures
550 3576 606 3612 Asc.
624 3563 657 3612 sd
675 3562 776 3614 Cornel.
794 3579 818 3628 p.
837 3578 879 3615 oa.
899 3570 941 3615 ot.

243 3640 264 3709 ⁴)
281 3644 413 3708 Lognntnr
434 3662 478 3706 ea,
501 3662 566 3712 qnae
588 3648 642 3697 dixi
664 3648 696 3698 de
719 3648 816 3712 legibus
841 3663 864 3699 c.
888 3663 1012 3699 connum
1035 3652 1062 3701 in
1080 3664 1229 3717 argumento

208 3741 327 3780 mennon.
346 3738 408 3779 oret.
426 3747 451 3796 p.
469 3731 545 3783 Corn.
564 3734 631 3798 opud
647 3746 703 3784 Asc.
721 3746 783 3785 rso.
800 3749 825 3800 p.
843 3748 939 3783 onaan.
958 3736 1001 3783 56.
1017 3750 1070 3801 sqq.

245 3810 266 3878 ⁵)
283 3814 348 3863 Asc.
364 3830 426 3865 run.
441 3831 466 3882 p.
484 3830 529 3867 on.
548 3821 590 3867 02.
610 3821 643 3866 58
663 3816 680 3868 f.

243 3894 263 3961 ὅ)
281 3896 406 3965 [plerique
423 3901 441 3950 1.
458 3901 590 3967 plerisque.
624 3901 708 3951 Unius
730 3902 798 3952 onim
821 3901 966 3951 intercessio
978 3902 1129 3963 sufficiebat,
1149 3919 1231 3971 neque

208 3983 325 4034 omnibus
346 3985 444 4048 legibus
467 4000 590 4038 connum
613 3988 800 4040 intercedebant
821 3986 940 4051 collegae.
959 3987 1019 4038 vide
1043 4002 1067 4039 v.
1085 4004 1106 4038 c.
1131 4003 1186 4041 sse.
1204 4007 1229 4057 p.

208 4082 304 4119 omn.
324 4070 379 4132 ts]
