2910 4950
628 462 690 527 175

137 676 293 761 principes
332 674 365 741 in
407 673 530 738 civitate
569 672 601 737 id
628 671 835 759 ,impudenter
868 674 983 761 egisse,
1020 686 1056 740 ut
1089 699 1163 742 suaa

138 787 280 853 factionis
304 785 484 853 candidatos
509 783 660 850 creandos
683 795 841 851 curarent.
888 785 1047 851 Meliorem
1068 791 1163 853 ratio·

138 923 211 965 nem
247 899 348 964 reddit
383 900 447 985 ipse
476 921 530 964 aro
556 897 582 987 ¹)
615 897 752 963 scribens
783 897 927 963 consules
957 900 1088 984 septimo
1112 899 1164 963 rix

138 1033 246 1076 meuse
275 1031 340 1073 esse
371 1018 491 1073 creatos
522 1008 606 1094 quod
637 1008 737 1073 multa
767 1007 878 1073 fierent
906 1009 938 1075 iu
963 1009 1040 1074 urbe
1062 1012 1164 1075 Roma

139 1119 294 1194 στοισιώδν
325 1119 383 1182 acaia
413 1126 484 1188 τρεῖς
517 1117 736 1198 ἀρχοιιρεσιόιις
764 1117 922 1196 palamst.
979 1119 1164 1186 Paullulum

139 1229 246 1295 differt
271 1252 398 1294 sarram
429 1230 642 1294 testimonium
670 1228 832 1294 scribentis
856 1229 903 1317 ²),
935 1230 1047 1295 urbem
1071 1231 1165 1296 fuisse

138 1367 197 1430 per
209 1345 284 1411 VIII
301 1366 421 1408 menses
438 1341 575 1421 ἄναρχον
595 1343 673 1431 (sine
688 1341 932 1429 magistratibus)
953 1344 1038 1431 κκσδι
1052 1343 1163 1407 στοὲσιν

139 1457 157 1532 ἢ
182 1455 370 1536 δωροδοκίιιν.
417 1454 538 1520 Indieat
556 1453 606 1519 hie
625 1453 714 1518 locus
733 1476 829 1539 quam
848 1453 1047 1539 impudenter
1066 1456 1097 1519 in
1117 1454 1165 1520 his

140 1565 272 1631 comitiis
295 1588 362 1629 rem
383 1565 536 1652 gesserint
554 1563 719 1629 candidati.
755 1562 942 1651 Agebantur
960 1565 1066 1628 omnia
1085 1564 1163 1651 lapi·

139 1676 230 1743 dibus
253 1686 285 1742 et
307 1676 392 1741 ferro
411 1676 464 1741 axi
486 1677 521 1740 ri
552 1674 691 1759 δεκάζειν
714 1675 730 1750 ἢ
752 1676 923 1755 δωροδοκεῖν
944 1676 1163 1758 οὶνοιισχύντως

138 1787 211 1852 τότε
242 1785 390 1864 μάλιστα
421 1784 622 1851 ε’σλεόνοισεν·
656 1782 669 1849 ὃ
699 1810 735 1851 σε
762 1786 855 1862 δῆμος
888 1786 982 1858 airis
1015 1786 1163 1864 ἔμμισθος

139 1899 190 1964 ε’σδ
229 1899 288 1969 rice
321 1897 510 1978 χειροτονίας
543 1899 599 1980 ᾔει.
654 1896 813 1960 Habemus
844 1896 1044 1962 comitiorum
1074 1897 1105 1965 h.
1134 1921 1162 1967 a.

140 2008 310 2074 dilatorum
345 2006 432 2072 aliud
466 2008 679 2073 testimonium
709 2029 823 2092 nempe
853 2030 1018 2074 eieramus
1045 2011 1099 2096 qui
1126 2011 1164 2077 de

139 2143 258 2187 aromo
284 2120 423 2205 scripsit,
455 2141 528 2184 eum
556 2119 716 2205 reliquisse
740 2141 859 2183 annum
879 2143 972 2184 suum
998 2122 1044 2208 ³),
1070 2124 1165 2209 inque

140 2236 321 2321 proximum
341 2255 462 2297 annum
481 2254 513 2296 se
533 2230 744 2308 transtulisse,
765 2232 912 2316 quoniam
934 2232 1054 2299 videret
1068 2237 1165 2301 eomi-

141 2349 185 2412 tia
215 2348 258 2411 ita
289 2369 354 2410 esse
385 2354 517 2409 tractata
548 2354 584 2407 ut
614 2365 678 2407 non
702 2342 818 2408 multos
840 2367 962 2409 menses
983 2360 1165 2432 praeturam

142 2480 254 2547 gerere
284 2467 404 2544 posset,
437 2478 536 2541 quum
564 2466 693 2541 cuperet
719 2454 758 2520 ad
788 2456 960 2543 gerendam
984 2468 1166 2544 praeturam

140 2571 274 2659 plenum
298 2593 417 2635 annum
442 2579 537 2654 atque
560 2569 722 2657 integrum
744 2567 861 2634 habere
885 2568 925 2657 ⁴).

186 2684 231 2747 De
262 2684 334 2769 ipso'
358 2680 474 2745 iudicio
499 2703 625 2745 nourrn
648 2680 725 2745 nihil
749 2681 864 2746 inveni.
911 2684 957 2746 Ex
981 2705 1091 2762 arone,
1116 2687 1168 2750 cui

142 2791 304 2860 addendus
333 2813 550 2869 muraneum,
584 2789 612 2878 ⁶)
646 2792 717 2855 satis
747 2813 905 2877 superque
935 2791 1169 2860 demonstratur

142 2929 216 2973 eum
252 2916 325 2969 ante
360 2903 578 2989 magistratum
610 2924 736 2966 causam
767 2924 831 2967 non
862 2902 991 2983 dixisse,
1022 2906 1072 2973 vel
1103 2932 1169 2973 esse

142 3017 332 3083 absolutum.
379 3015 424 3078 De
447 3036 603 3078 uaesanae
625 3011 740 3078 iutlieio
763 3023 867 3078 tamen
890 3016 1067 3082 testimonia
1088 3040 1168 3084 non-

142 3127 234 3194 nulla
263 3126 304 3193 ad
330 3149 387 3192 nos
414 3135 644 3211 pervenerunt,
675 3148 838 3213 quumque
864 3126 903 3192 de
932 3151 970 3193 ea
992 3152 1026 3194 re
1046 3153 1170 3196 errores

178 3401 389 3469 ¹)Drocass1rs
408 3402 466 3452 XL.
487 3409 527 3454 ⁴5.

178 3483 332 3551 ²)Arr.B.
351 3487 435 3539 c.11.
457 3492 496 3538 19.

179 3567 314 3635 ³)Cm.p.
333 3573 422 3621 11119
443 3574 457 3636 ς
476 3578 516 3622 21.

178 3653 198 3722 ⁴)
217 3651 288 3704 Auno
311 3672 353 3704 saa
375 3656 540 3721 mepistrutum
566 3672 648 3721 perere
672 3673 723 3707 non
746 3658 829 3706 solum
852 3659 975 3721 signifieat
997 3662 1171 3723 magistratum

145 3757 232 3806 gerere
256 3757 286 3791 eo
304 3757 371 3791 auno
389 3745 476 3792 aetatis
493 3757 570 3808 quem
592 3743 736 3806 praeseribit
759 3742 804 3790 Iex
821 3742 904 3802 Villa,
922 3743 966 3791 sed
985 3744 1060 3793 etiam
1079 3747 1172 3797 indicat

144 3828 255 3892 aliquem
278 3828 452 3890 magistratum
475 3841 561 3889 gerere
584 3827 758 3890 praeterlapsis
780 3826 876 3874 duobus
897 3828 971 3876 armis
988 3843 1052 3892 quae
1069 3830 1172 3881 interce·

146 3914 205 3964 dere
223 3914 347 3963 debebant
366 3913 430 3962 inter
448 3913 510 3961 duos
528 3913 687 3975 magistratus
705 3912 819 3960 maiores.
834 3909 866 3960 el.
898 3911 977 3961 Wus.
995 3913 1113 3964 Museum
1131 3904 1172 3965 fiir

145 3997 240 4049 Philol.
256 3998 307 4046 111,
322 4013 345 4061 p.
361 4001 410 4046 216
427 4011 480 4061 sqq.
499 4013 522 4046 a.
544 4001 617 4047 1815.
642 3998 677 4046 K.
686 3997 779 4047 Haau.
796 3996 834 4045 ed.
853 3997 988 4046 novissima
1002 3998 1072 4064 Orat.
1087 4001 1171 4053 select·

146 4094 196 4131 erc.
214 4082 275 4132 Vol.
294 4082 328 4131 V.
347 4097 371 4145 p.
386 4086 429 4132 35.
455 4082 528 4145 Lips.
550 4085 623 4131 1850.

181 4161 201 4231 ὃ)
219 4164 300 4216 Parr.
318 4166 407 4229 Pomp.
427 4170 468 4216 54.
486 4165 555 4216 Fast.
573 4165 653 4230 Capit.
672 4167 705 4219 ad
719 4182 742 4218 a.
756 4182 781 4216 a.
797 4183 818 4218 c.
837 4171 893 4218 701.
912 4183 929 4217 a
943 4167 973 4220 C.
992 4173 1032 4219 5³.
