2910 4950
666 424 707 490 51

217 630 323 698 Poena
349 632 428 698 haee
457 640 504 696 est
525 630 694 696 constituta
718 629 791 717 lege
823 628 934 717 paullo
961 641 1034 698 ante
1067 655 1196 702 norrun

171 753 296 831 tempus
319 742 384 810 lata
407 742 458 808 val
481 766 519 809 eo
538 752 679 828 tempore
706 764 806 827 quum
829 742 881 809 hic
902 745 1022 808 Romae
1044 743 1194 833 degebam

172 880 337 944 quumque
367 855 445 921 haec
472 854 524 921 lex
550 853 656 941 quoad
678 855 794 920 scimus
816 865 912 941 atque
933 857 1104 923 memoriae
1126 868 1195 924 tra·

170 968 273 1035 ditum
296 968 448 1033 babemus
470 969 614 1034 Cornelia
635 967 746 1033 Fulvia
767 968 823 1046 sit,
847 990 912 1033 uon
931 966 1072 1032 dubitavi
1092 970 1119 1034 ei
1135 969 1196 1036 hoo

170 1091 268 1166 caput
297 1079 473 1146 adscribere
503 1103 568 1167 quo
594 1089 724 1147 cautum
754 1090 823 1145 erat
849 1090 885 1145 nt
912 1076 1044 1152 trivam
1068 1079 1093 1169 Ι)
1123 1081 1144 1148 i.
1164 1104 1193 1151 e.

68 1209 76 1219 “
171 1192 290 1256 crimen
310 1191 442 1278 capitale
460 1203 539 1258 esset
556 1193 588 1256 in
609 1214 677 1269 eos,
702 1191 758 1276 qui
779 1195 919 1272 φανερῶς
939 1191 1091 1278 suffragia
1109 1215 1194 1258 eme·
1241 1271 1244 1274 ⁴

170 1313 243 1368 rant
264 1303 350 1390 quod
369 1302 539 1391 signifieat:
570 1301 750 1383 „iudicium
773 1299 813 1366 de
835 1301 887 1379 iis,
919 1302 976 1386 qui
996 1301 1105 1367 illicite
1127 1324 1194 1367 am·

170 1413 263 1480 biunt
283 1423 349 1479 esto
371 1413 456 1500 apud
479 1412 633 1500 populum
655 1412 696 1500 ²).

217 1524 341 1590 Cadunt
363 1524 440 1591 baec
462 1526 546 1591 enim
568 1526 662 1591 inea
686 1535 844 1610 tempora,
876 1547 976 1610 quum
1000 1527 1195 1611 quaestiones

172 1646 343 1723 perpetuae
365 1635 508 1704 nondum
531 1646 622 1701 erant
647 1637 822 1714 institutae,
855 1659 1019 1722 quumque
1044 1636 1125 1703 illud
1148 1662 1196 1705 ιιι

172 1747 354 1813 tabularum
376 1748 601 1813 observabatur
613 1747 658 1836 3);
683 1747 721 1813 de
740 1750 841 1834 capite
857 1750 931 1813 civis
951 1750 1008 1814 nisi
1027 1772 1084 1834 per
1103 1774 1195 1832 „mo-

173 1860 315 1942 „uimum
336 1860 521 1926 comitiatum
547 1883 588 1926 no
610 1857 776 1938 ferunto,'’
805 1881 869 1945 quo
890 1858 1072 1926 indicantur
1098 1862 1196 1928 comi·

173 1971 217 2036 tia
240 1971 426 2036 centuriata.

218 2081 309 2162 Quae
333 2089 439 2145 minen
468 2079 574 2164 opinio
604 2101 669 2143 non
696 2077 839 2142 omnium
868 2086 915 2141 est
943 2078 1132 2163 scriptorum
1155 2081 1198 2170 ⁸).

173 2192 227 2258 sio
247 2203 408 2257 abrutino
429 2189 578 2276 intelligit
600 2211 656 2275 per
678 2187 863 2253 comitiatum
884 2189 1051 2255 monimum
1072 2191 1199 2260 comitia

172 2314 205 2370 et
229 2304 405 2369 centuriata
423 2313 454 2367 et
476 2301 604 2369 tributa.
639 2300 746 2365 Potius
767 2299 942 2386 amplector
963 2323 1064 2368 aaran
1079 2301 1105 2389 ⁵)
1126 2327 1198 2373 sen·

173 2416 313 2481 tentiam.
361 2415 430 2479 Non
450 2411 642 2478 admittenda
665 2412 749 2477 enim
772 2409 897 2476 videtur
919 2424 1105 2478 usuraruuu
1126 2416 1199 2501 opi·

173 2529 228 2596 uio
250 2526 312 2595 11.
344 2524 560 2593 contendentis
586 2546 769 2591 crunnum
799 2524 994 2590 comitiatum
1024 2527 1200 2594 maximum

174 2639 287 2708 dixisse
298 2639 416 2706 idcirco
427 2638 548 2704 comitia
566 2637 735 2703 oenotriam
747 2635 774 2723 ⁸)
790 2636 875 2722 quod
890 2635 968 2703 baec
983 2638 1200 2725 interpretatio

174 2752 310 2838 tempori
332 2774 396 2838 quo
416 2749 470 2816 ille
492 2749 616 2814 vivebat
638 2758 711 2835 apta
734 2757 829 2827 osset,
853 2771 918 2815 non
936 2759 1042 2816 tamon
1065 2751 1102 2816 iis
1120 2759 1199 2817 tem·

173 2865 321 2953 poribus,
347 2862 462 2948 quibus
483 2860 571 2947 leges
593 2882 641 2923 ιιι
664 2858 846 2924 tabularum
868 2861 1013 2947 vigerent
1032 2859 1074 2948 ⁷).

219 2976 305 3039 Haeo
334 2970 447 3050 habui,
479 2991 561 3056 quae
587 2966 626 3033 de
650 2967 845 3054 temporibus
870 2970 1097 3055 antiquioribus
1119 2972 1199 3038 sori-

179 3119 394 3135 μ

206 3187 228 3256 ¹)
244 3187 304 3239 Non
321 3200 385 3234 mors
399 3193 428 3234 ut
444 3183 541 3247 scripsit
557 3195 697 3232 nuansoaa
711 3181 773 3247 Rop.
793 3181 866 3232 Rom.
886 3181 923 3232 11.
941 3197 966 3248 p.
987 3182 1027 3231 73.

207 3272 228 3339 ²>
246 3274 289 3325 Sic
312 3273 380 3322 idem
403 3282 533 3320 nouimus
550 3268 646 3332 scripsit
664 3268 722 3331 (VI.
744 3267 787 3330 11)
807 3267 872 3317 inter
889 3267 952 3318 alia:
980 3271 1056 3333 τιμῆς
1073 3267 1125 3337 γάρ
1143 3269 1200 3319 ἐστι

173 3359 222 3410 aab
251 3358 378 3425 τιμωρίας
402 3356 431 3404 ir
454 3359 489 3418 τῇ
506 3352 633 3417 πολιτείᾳ
658 3351 737 3412 μόνος
758 3350 772 3401 ό
796 3350 880 3418 δῆμος
899 3350 995 3421 κύριος·
1020 3350 1146 3404 θανάτου
1167 3349 1199 3402 δὲ

175 3447 260 3515 spires
280 3443 369 3505 μόνος.
403 3439 435 3491 cf.
452 3453 516 3489 (111111
534 3454 573 3502 op.
592 3437 610 3487 l.
628 3453 652 3502 p.
669 3441 712 3488 al.

208 3523 229 3589 ⁵)
246 3526 301 3578 Cic.
320 3527 352 3576 do
368 3525 449 3587 Legg.
469 3523 520 3572 III.
542 3527 581 3570 19.

208 3609 229 3677 ⁴)
246 3611 394 3669 Gbmmo,
412 3609 486 3658 Rum.
505 3605 650 3657 Staotsverf.
668 3620 693 3669 p.
711 3609 770 3654 318.

208 3691 228 3760 ⁵)
245 3693 332 3754 Gara,
355 3693 445 3743 Gescb.
469 3691 603 3751 destm.
622 3690 727 3740 Crimin.
745 3689 817 3740 Proe.
836 3704 860 3754 p.
879 3693 910 3739 ³1
930 3703 967 3755 aq.
984 3689 1030 3738 ubi
1048 3688 1105 3740 vido
1122 3689 1198 3740 etiam

177 3781 327 3832 muntium
345 3787 485 3828 ceterorum
502 3776 614 3824 virorum
633 3775 770 3825 doctorum.

209 3861 230 3926 6)
249 3864 304 3916 C1c.
322 3864 355 3913 de
369 3864 431 3926 Rep.
450 3862 486 3910 11.
506 3864 539 3909 36
559 3861 576 3910 f.
594 3876 618 3925 p.
638 3861 721 3911 Sostio
739 3864 772 3909 ³0
790 3858 803 3924 §
821 3862 862 3907 65.

209 3949 230 4015 7)
247 3949 287 4000 De
304 3947 485 4012 significatione
504 3960 556 3996 voc.
574 3946 660 4011 eapitis
678 3945 718 3995 bia
736 3943 796 3993 louis
809 3943 866 3994 tide
882 3941 948 3991 inter
961 3939 1046 4005 plures
1061 3939 1202 4001 otia-raum,

175 4035 249 4087 Rom.
267 4031 413 4086 samusart.
433 4032 448 4094 ξ
466 4035 508 4080 34.
525 4045 550 4095 p.
573 4034 603 4079 51
630 4045 666 4097 sq.
692 4031 767 4094 558.
785 4042 810 4093 p.
835 4032 883 4077 114
900 4039 970 4090 sqq„
994 4024 1025 4076 ot.
1044 4033 1130 4077 tomen
1145 4039 1201 4076 sn·

177 4124 266 4182 sunu,
283 4120 357 4171 Rbm.
374 4116 466 4171 Gasch.
486 4116 509 4166 1.
528 4130 552 4181 p.
572 4118 630 4164 642.

1019 4199 1066 4265 40
