2910 4950
623 440 662 506 it

129 655 177 713 est
201 646 241 736 ι).
277 648 431 730 „Turreno
450 649 552 726 enim,
572 670 672 735 quum
692 646 822 735 epulum
838 669 867 724 Q.
881 667 1038 724 surmus,
1059 666 1152 708 usur·

129 778 230 839 „curu
252 760 358 845 patrui
384 759 432 825 sui
460 758 605 838 nomine,
637 755 756 845 populo
785 760 878 824 Rom.
909 756 998 821 daret
1023 763 1153 842 rogatus

127 880 202 952 „est
223 894 243 937 a
261 895 388 937 nxruo
411 881 447 938 ut
467 871 642 938 triclinium
663 880 830 951 sterneret;
856 879 950 956 atque
972 868 1027 933 ille
1056 866 1153 932 homo

128 982 383 1064 „eruditissimus
412 994 443 1049 et
467 984 589 1050 Stoicus
610 984 722 1049 stravit
742 981 898 1069 pelliculis
919 980 1061 1046 haedinis
1083 977 1151 1043 lec·

127 1090 240 1173 „tulos
269 1092 462 1172 Punicanos,
493 1102 525 1159 et
554 1093 698 1178 exposuit
719 1113 795 1158 rasa
814 1091 937 1170 Samiu3
963 1089 1152 1176 quasivero

128 1224 311 1284 „orontius
341 1226 475 1271 unicus
504 1214 573 1270 erat
598 1213 760 1271 mortuus:
784 1240 830 1254 -
851 1201 901 1269 his
921 1200 1063 1267 haedinis
1084 1200 1153 1287 pel·

125 1313 258 1396 „liculis
290 1327 441 1403 praetura
470 1314 608 1381 deiectus
638 1313 714 1381 est.'’
768 1314 904 1401 Nempe,
939 1313 965 1379 si
998 1331 1149 1378 ciceroni

126 1424 243 1505 credis,
271 1426 409 1513 populus
435 1427 528 1495 Rom.
558 1425 625 1492 odit
655 1425 811 1512 privatam
837 1424 1014 1504 luxuriam,
1042 1423 1150 1511 publi·
1221 1488 1225 1494 .

124 1558 194 1602 cam
217 1536 483 1624 magnificentiam
505 1536 618 1625 diligit.

167 1650 215 1713 lix
236 1647 299 1713 alio
316 1648 445 1716 classico
467 1649 538 1716 loco
556 1630 722 1716 cressonis
742 1648 770 1737 ²)
791 1658 938 1737 apparet,
952 1647 1028 1736 quid
1047 1670 1149 1713 unns·

125 1781 187 1827 m
208 1758 387 1847 profuerint
405 1759 473 1827 ludi
489 1761 537 1849 ⁸);
562 1762 730 1848 ipsumque
749 1783 930 1829 crusnom
948 1760 982 1825 in
1000 1760 1149 1847 petitione

123 1881 317 1939 commotum
337 1871 431 1938 luisse
451 1871 478 1961 Δ)
499 1872 541 1939 ob
563 1873 654 1940 ludos
672 1872 856 1960 magnificos
870 1894 1003 1939 smonu
1024 1871 1065 1959 ⁵).

167 1983 279 2049 Postea
307 1992 414 2051 umen
440 1983 514 2071 lege
543 1983 649 2051 Tullia
677 1994 808 2051 cautum
835 1993 882 2050 est
908 1994 940 2049 et
961 1983 1001 2049 de
1022 1963 1146 2069 specta-

122 2092 204 2160 culis
225 2093 369 2161 tributim
391 2117 456 2161 non
478 2093 605 2174 dandis,
618 2093 720 2183 deque
732 2093 850 2181 populo
869 2092 969 2182 vulgo
988 2093 1028 2160 ud
1051 2116 1146 2180 pren·

10 2272 13 2279 ,
121 2203 173 2270 dia
189 2227 253 2270 non
270 2203 429 2283 vocando,
446 2203 548 2292 deque
563 2205 790 2295 gladiatoribus
803 2228 868 2272 non
883 2204 993 2273 dandis
1004 2204 1145 2285 biennio,

121 2339 187 2404 quo
219 2316 289 2403 quis
322 2326 425 2403 petat,
460 2326 532 2385 cett.
569 2340 651 2404 quse
687 2318 787 2406 igitur
816 2328 893 2385 tunc
923 2316 964 2385 sd
993 2317 1146 2383 ambitum

121 2429 281 2515 pertinere
304 2438 477 2514 coeperunt
499 2428 540 2516 ο).

165 2540 347 2628 Benignitas
369 2549 475 2606 tamen
499 2550 530 2605 et
552 2540 615 2606 alia
636 2540 816 2608 continebat
839 2539 887 2629 ⁷),
919 2562 1000 2629 quse
1023 2541 1147 2628 copiose

121 2650 161 2732 Q.
186 2649 284 2716 frater
306 2661 489 2730 enumerat,
514 2663 658 2738 quaeque
680 2651 864 2738 praesertim
884 2653 984 2737 posits
1002 2661 1093 2717 erant
1114 2653 1147 2717 in

123 2761 401 2848 pollicitationibus
430 2762 602 2842 candidati,
634 2787 669 2829 se
691 2763 810 2851 aliquid
833 2763 1010 2842 iacturum,
1035 2787 1067 2830 se
1089 2787 1148 2851 pro

120 2893 177 2938 reo
199 2895 327 2940 causam
351 2872 511 2940 dicturum
534 2883 606 2940 cett.
632 2874 673 2961 ⁸).

151 3072 173 3135 ¹)
192 3071 248 3124 Cro.
266 3089 291 3139 p.
310 3074 379 3124 Mur.
398 3078 430 3124 ³6
452 3077 467 3138 5
487 3078 517 3125 75
536 3091 573 3142 sq.

151 3151 174 3220 ἲ)
191 3154 248 3207 Cic.
265 3171 289 3221 p.
304 3157 373 3208 Mur.
394 3161 424 3208 18
442 3159 457 3221 5
473 3161 587 3210 87-40.
605 3159 637 3211 oi.
655 3161 715 3212 ibid.
735 3167 769 3212 ³⁴
788 3162 803 3226 5
823 3165 870 3223 is,
888 3165 920 3212 85
941 3165 956 3227 5
976 3166 1017 3213 78.

150 3235 171 3303 ³>
188 3240 273 3290 uuis
290 3241 321 3291 <10
338 3241 386 3291 ne
403 3244 507 3294 materie
524 3232 731 3311 deriptionem
749 3247 781 3297 ‹10
798 3245 849 3300 or.
867 3248 904 3298 m
922 3262 944 3298 α.
965 3252 1074 3299 u-re

149 3322 170 3390 ⁴1
188 3323 241 3376 Cic.
259 3342 283 3392 p.
301 3328 369 3378 Mur.
391 3332 421 3377 19
444 3331 458 3393 5
477 3335 518 3380 40.

150 3402 173 3475 ⁵)
189 3409 287 3461 Dicitur
306 3411 368 3462 hoo:
392 3427 486 3462 scotum
503 3412 588 3463 haben
609 3413 796 3480 competitn'con.
818 3429 867 3467 crc.
885 3432 910 3482 p.
928 3417 996 3468 Mur.
1018 3421 1049 3468 19
1069 3419 1083 3482 5
1103 3425 1142 3471 40.

116 3508 207 3559 nempe
224 3495 246 3544 si
261 3497 435 3561 competitores
452 3497 535 3548 studia
552 3500 639 3564 populi
655 3501 704 3550 sibi
719 3501 855 3553 conciliant
872 3502 1009 3569 splendidis
1025 3503 1099 3553 ludis.

148 3575 170 3644 6)
188 3579 255 3630 Vide
273 3580 306 3630 ud
322 3580 405 3645 legem
423 3580 544 3633 Tulliam.

148 3658 171 3732 7)
185 3661 295 3713 Fallitur
320 3671 407 3715 tamen
432 3678 578 3717 noucnrun
604 3675 694 3733 putem
720 3668 753 3736 (p.
779 3670 840 3738 392)
863 3671 1045 3736 benignitatem
1067 3670 1144 3722 etism

116 3747 244 3798 continere
259 3747 407 3811 largitiones
423 3751 563 3816 cett.·quod
577 3744 731 3804 demonstist
746 3754 799 3805 sni.
817 3755 934 3821 exemplo
948 3768 1072 3807 csmsms
1087 3768 1144 3806 con·

116 3832 223 3895 giarium
246 3832 328 3883 dantis
350 3833 394 3894 iis,
417 3835 461 3900 qni
481 3849 539 3887 sere
557 3837 641 3888 alieno
661 3840 744 3890 obruti
760 3840 793 3891 od
812 3855 870 3893 eum
887 3843 1024 3894 veniebant
1042 3842 1069 3891 in
1086 3839 1144 3891 Gsl·

120 3917 189 3967 limn-
224 3916 303 3968 Sun.
322 3916 386 3968 Caes
401 3921 444 3968 2⁷.

151 3999 172 4069 1ί)
189 4008 223 4071 Q.
241 4002 318 4054 stater
335 4004 367 4054 de
384 4011 433 4069 pot.
451 4004 526 4058 Cous.
549 4009 565 4070 5
583 4013 692 4059 44-50.

533 4189 536 4196 Ι
546 4174 731 4191 Μ
