2910 4950
642 428 684 494 59

153 635 239 724 quod
268 636 352 703 euim
381 633 421 701 de
442 632 593 722 peculatu
619 632 710 700 nulla
731 633 784 700 lex
805 656 824 700 a
847 658 943 702 suum
966 638 1030 705 lata
1048 642 1087 707 sit
1108 665 1173 710 uon

154 760 202 815 est
223 749 309 837 quod
330 750 486 814 miremur
507 769 580 814 cum
602 768 677 812 raro
695 747 813 813 mentio
831 747 885 813 fiat
905 751 1070 837 peculatus
1092 755 1177 842 apud

111 912 115 918 -
154 872 299 928 auctores
333 860 476 925 classicos
501 857 541 947 1).
594 857 656 924 Sed
690 858 765 945 quid
791 860 908 945 plura?
954 864 1105 950 Sequitur
1138 891 1178 933 ex

157 997 229 1041 mea
253 973 405 1038 sententia
424 993 545 1037 sunuau
577 973 671 1037 etiam
698 970 738 1037 de
762 972 884 1038 ambitu
904 975 1023 1056 tulisse3
1048 975 1102 1042 sed
1121 985 1178 1065 qul

154 1083 275 1152 sactum
297 1094 344 1150 est
361 1094 398 1149 ut
419 1083 534 1150 diserta
555 1083 616 1150 hac
633 1083 672 1150 de
690 1107 726 1149 rs
745 1083 962 1153 desiderentur
977 1089 1177 1158 testimonia?

200 1199 282 1264 lluic
304 1198 478 1283 quaestioni
500 1195 692 1283 respondero
714 1197 740 1261 si
762 1196 956 1263 indicavero:

129 1344 132 1348 >
198 1311 241 1379 Π.
286 1312 333 1375 Ex
359 1320 526 1376 auctorum
552 1308 754 1374 classicorum
780 1308 901 1375 indiciis
925 1311 998 1376 satis
1024 1333 1177 1399 apparere

288 1442 410 1487 sunus!
433 1420 537 1508 legem
560 1419 667 1484 tulisse
690 1418 730 1485 de
751 1420 883 1487 ambitu.

199 1534 312 1612 ltliror,
351 1533 510 1597 neminem
545 1530 649 1597 adhuc
686 1531 772 1618 quod
806 1533 900 1598 sciam
928 1534 1111 1621 cogitavisse
1140 1535 1180 1602 de

150 1640 257 1733 ‘poena
291 1644 459 1709 constituta
488 1666 527 1709 ex
561 1642 633 1732 lege
663 1643 808 1710 Cornelia
837 1643 876 1709 de
902 1644 1024 1710 ambitu
1052 1669 1180 1734 compa·

157 1754 258 1822 cauda
280 1776 353 1820 cum
377 1776 479 1842 poena
501 1779 541 1821 ex
563 1755 625 1821 alia
648 1778 763 1822 sununs
781 1755 869 1844 lego,
893 1779 991 1843 quam
1013 1756 1123 1824 dicunt
1141 1758 1180 1825 de

155 1864 398 1952 magistratibus,
422 1888 552 1951 nempe:

199 1978 252 2043 καὶ
287 1976 367 2058 νόμῳ
393 1977 538 2049 κωλύσας
566 1978 622 2051 τὴν
647 1977 749 2058 ἀρχὴν
772 1977 842 2057 πρὶν
871 1975 925 2052 ἔτη
961 1978 1037 2044 δέκα
1071 1980 1181 2060 διαγε-

157 2089 261 2155 νέσθαι
283 2088 325 2176 ²).

201 2222 270 2282 „ue
308 2198 378 2284 quis
407 2195 544 2262 eundem
577 2198 800 2287 magistratum
836 2208 978 2285 caperet,
1018 2200 1077 2266 nisi
1112 2211 1183 2289 post

158 2332 306 2394 „annum
330 2308 521 2375 decimum’'.

198 2425 269 2488 Non
291 2421 417 2499 dubito,
442 2421 519 2507 quin
538 2419 569 2486 id
588 2430 684 2507 caput
703 2418 768 2503 „de
782 2420 1097 2508 magistratu‘eodem
1114 2446 1180 2492 nou

154 2534 225 2620 „bis
251 2532 403 2621 capiendo
433 2534 517 2599 intra
547 2531 757 2599 decennium''
789 2535 944 2620 pertineat
976 2532 1017 2598 ad
1047 2535 1180 2602 eandem

152 2646 257 2736 legem
286 2645 464 2713 Corneliam
494 2648 532 2712 de
561 2647 689 2725 ambitu,
722 2646 774 2710 cui
801 2655 833 2711 et
857 2645 953 2731 plura
978 2646 1081 2732 capita
1106 2658 1181 2716 suut

152 2758 365 2847 adiungenda.
411 2760 498 2822 Inter
529 2779 655 2836 omnes,
691 2778 771 2842 quos
800 2754 840 2820 de
869 2755 990 2821 ambitu
1023 2759 1181 2845 scripsisse

152 2869 262 2949 video,
290 2870 351 2934 hac
373 2869 406 2932 in
429 2889 465 2932 re
487 2869 615 2954 egregie
638 2868 801 2944 convenit,
833 2865 938 2954 legem
965 2868 1059 2934 fuisse
1082 2870 1181 2938 latam

152 2979 332 3047 Corneliam
363 3001 382 3044 a
404 3001 433 3044 u.
457 3000 554 3043 sunna
577 2977 616 3043 de
638 2977 874 3064 maqtoraa'om.
922 2978 992 3043 Non
1011 2983 1179 3064 recusabo,

152 3090 208 3158 scd
238 3089 434 3178 argumentis
460 3087 546 3153 malo
573 3072 670 3174 quani
697 3088 840 3153 virorum
866 3085 1031 3155 'doctorum
1059 3091 1182 3178 opinio·

153 3203 248 3270 nibus
275 3201 368 3267 fidem
397 3200 523 3267 habere.
574 3199 623 3266 Ad
644 3222 748 3265 unum
772 3222 881 3266 omnes
902 3200 990 3267 illam
1014 3201 1118 3291 legem
1141 3204 1181 3271 (le

153 3315 381 3402 magistratibus
410 3335 430 3379 a
456 3335 568 3379 aromo
598 3322 802 3400 sumpserunt
831 3298 996 3394 mutuam,¹
1020 3325 1116 3403 atque
1137 3314 1198 3385 ita*

154 3407 244 3494 uobis
268 3426 472 3493 obtruserunt
495 3424 599 3513 legem
618 3446 748 3491 aeuum
768 3424 863 3491 credo
881 3448 1047 3513 nunquam
1071 3426 1180 3499 latam.

155 3538 271 3606 Scribit
311 3560 536 3605 nocuusmuur
567 3538 619 3627 ³),
665 3536 870 3625 scribuntquc
915 3538 969 3604 alii
1013 3563 1047 3606 se
1091 3543 1181 3630 sequi

190 3874 211 3943 ¹)
228 3875 283 3928 C1c.
304 3873 441 3939 meIacc.
468 3877 499 3922 18
525 3873 672 3937 §lanu
691 3869 825 3923 XXXIII.
845 3872 986 3924 11οι11.
1005 3873 1038 3924 ad
1059 3874 1109 3939 leg.
1126 3875 1181 3928 aul.

152 3959 281 4028 pamulae
294 3958 433 4025 (XLVIII.
458 3956 508 4023 1³.)

192 4042 213 4111 ²)
230 4045 300 4096 Are,
317 4044 349 4093 B.
367 4041 397 4093 C.
414 4042 437 4090 Ι.
459 4045 515 4094 100.
542 4041 664 4095 thcu
681 4057 721 4108 op.
739 4040 757 4091 l.
775 4056 799 4106 p.
819 4044 878 4093 208.

191 4125 212 4196 ⁸)
228 4130 424 4183 Vocmsm
440 4125 503 4190 disp.
520 4125 538 4175 1.
557 4141 582 4191 p.
603 4130 660 4175 110.
