2910 4950
784 404 803 466 8

326 613 473 698 Magnam
496 631 624 696 operam
648 607 766 672 dabant
787 607 957 687 candidati,
988 619 1024 675 ut
1045 633 1098 675 eos
1120 632 1226 676 secum
1250 611 1307 676 ha·

269 723 393 798 *berent
414 744 494 808 quos
516 721 592 787 olim
615 718 841 798 defendissent;
872 739 947 785 nam
970 719 1031 787 hoe
1052 744 1210 789 summam
1233 722 1306 812 dig-

281 835 410 900 nitatem
442 845 474 898 et
504 855 652 922 magnam
682 831 808 897 laudem
840 832 991 898 efferebat
1017 833 1060 922 Ι),
1091 843 1215 920 poterat
1236 834 1309 900 inde

281 969 372 1033 saepe
395 944 515 1032 aliquid
533 945 645 1011 confici
664 944 703 1010 de
722 944 840 1033 ingenii
859 943 999 1023 dotibus,
1021 944 1060 1011 de
1078 945 1258 1033 eloquentia
1277 946 1305 1035 2)

282 1069 354 1125 cett.
386 1055 551 1123 candidati.
605 1057 772 1122 Pariebant
800 1055 875 1121 illae
909 1046 1102 1123 defensiones
1136 1060 1307 1125 maximam

281 1172 417 1258 gratiam
440 1177 472 1232 et
493 1190 552 1233 eur
573 1169 709 1234 Romani
736 1166 852 1234 multos
880 1167 1093 1249 defenderint,
1119 1170 1306 1257 quibuscum

281 1280 372 1346 nulla
394 1281 431 1344 iis
453 1278 660 1344 intercederet
682 1280 889 1360 consuetudo,
913 1280 998 1346 infra
1020 1281 1133 1348 dicam.

324 1391 512 1456 Praesertim
542 1400 670 1487 gratum
701 1392 861 1457 accidebat
891 1392 1069 1458 oratoribus
1098 1403 1135 1458 ut
1166 1392 1309 1460 homines

280 1511 407 1590 possent
435 1501 619 1582 defendere,
644 1504 753 1588 quiin
777 1504 862 1569 tribu
885 1526 942 1569 sua
965 1503 1015 1569 vel
1038 1505 1070 1569 in
1093 1503 1308 1571 sodalitatibus

281 1612 419 1680 multum
449 1612 597 1679 valebant
626 1624 663 1679 ut
692 1613 737 1679 ita
761 1637 827 1680 uno
849 1613 958 1680 labore
979 1615 1097 1681 multos
1118 1638 1194 1682 suae
1215 1615 1307 1693 addi-

245 1774 249 1783 ·
281 1736 391 1792 cerent
420 1747 548 1790 caussae
575 1725 616 1815 ³).
663 1727 763 1812 Saepe
781 1728 875 1792 ctiam
895 1728 921 1793 si
940 1728 1074 1794 instabat
1094 1729 1227 1794 oratoris
1248 1751 1307 1815 pe-

281 1839 365 1918 titio,
398 1860 493 1903 causa
526 1836 566 1903 ad
596 1860 670 1903 eum
703 1836 905 1905 deferebatur
934 1862 971 1904 ea
1000 1839 1183 1905 condicione
1212 1849 1249 1906 ut
1277 1841 1307 1906 ei
1399 1868 1402 1875 ·

281 1951 536 2038 suffragarentur
558 1949 589 2039 ⁴)
615 1972 780 2036 „quorum
810 1951 843 2016 in
874 1952 974 2017 causis
1001 1951 1040 2016 ad
1063 1961 1095 2016 te
1117 1949 1305 2030 deferendis,

280 2060 457 2149 „quidnam
485 2073 596 2126 eorum
625 2061 747 2128 sodales
762 2062 817 2128 tibi
840 2063 1017 2151 receperint
1038 2072 1070 2128 et
1092 2061 1308 2128 confirmarint

280 2175 392 2258 ‚‚scio;
418 2196 492 2239 nam
516 2171 667 2239 interfui”
693 2172 734 2262 ὅ).

324 2286 514 2365 Dicuntur„
530 2285 585 2370 qni
608 2283 773 2350 candidato
796 2284 903 2351 favent
924 2287 1167 2373 mrffaepatores,
1192 2282 1307 2368 quibus

280 2408 485 2484 opponuntur
506 2395 719 2483 refrepatores
743 2394 783 2482 ο).

314 2675 334 2741 1)
352 2676 385 2738 Q.
404 2674 434 2725 fr.
453 2675 484 2724 do
501 2681 551 2738 pet.
569 2687 637 2722 oons.
657 2677 671 2721 5
689 2672 703 2738 d
721 2677 761 2722 20.
783 2676 797 2721 9
818 2673 833 2735 ξ
852 2675 893 2721 88.
928 2670 983 2722 Cre.
999 2671 1068 2722 Phil.
1086 2673 1149 2722 vn.
1165 2678 1181 2722 3
1197 2674 1212 2735 ξ
1231 2677 1255 2723 7.

314 2755 335 2825 π)
353 2759 411 2809 Hoc
428 2772 478 2807 non
497 2756 569 2820 parri
585 2757 707 2806 momenti
724 2762 778 2806 eret
797 2756 822 2804 in
844 2755 974 2819 petitione:
998 2764 1065 2806 certe
1083 2757 1104 2806 si
1121 2758 1197 2808 fidem
1215 2759 1308 2808 habere
1362 2756 1368 2769 '

280 2856 411 2907 possumus
433 2841 516 2890 serbis
539 2853 588 2889 cre.
613 2841 640 2890 in
664 2848 726 2889 orat.
749 2855 774 2904 p.
792 2839 860 2889 Mur.
882 2843 909 2888 ll
932 2841 1007 2902 §tt
1044 2840 1154 2892 aeGraris
1169 2845 1245 2894 etiem
1263 2844 1309 2894 ills

282 2932 341 2976 uest
357 2931 382 2974 et
402 2924 477 2988 plenu
497 2925 624 2988 dignitatis
641 2925 739 2974 dicendi
757 2923 876 2985 facultas,
893 2937 957 2989 quae
975 2938 1049 2989 saepe
1065 2927 1145 2977 valuit
1162 2929 1189 2978 in
1206 2928 1309 2978 consule

283 3012 451 3075 deligendo,
474 3025 545 3075 posse
565 3011 669 3061 consilio
693 3018 718 3061 ct
740 3012 853 3060 oratione
876 3018 901 3060 et
924 3011 1032 3061 Senatus
1056 3020 1081 3062 et
1103 3029 1190 3064 eorum
1207 3016 1251 3079 qui
1267 3028 1308 3064 res

283 3098 415 3148 niudieant
435 3105 533 3146 mentes
550 3110 703 3160 permovere.
739 3095 875 3155 Quaeritur
892 3096 992 3155 consui,
1010 3097 1053 3160 qui
1070 3097 1176 3146 dicendo
1193 3112 1308 3147 nonnun-

283 3197 378 3247 aquam
396 3182 543 3244 comprimet
560 3180 705 3229 tribunicios
723 3177 831 3228 furores:
849 3179 893 3242 qni
910 3179 1061 3227 concitatum
1075 3179 1195 3242 populum
1212 3180 1309 3240 flectet,

283 3267 347 3330 ‚qui
365 3265 493 3328 largitioni
515 3264 638 3314 resistet.''
672 3264 744 3313 llaec
764 3263 853 3312 ultima
874 3265 994 3314 iactanter
1011 3265 1108 3328 scripsit
1124 3279 1231 3325 erenum
1248 3281 1309 3316 nam

283 3349 349 3400 nihil
366 3348 434 3398 uliud
456 3348 586 3398 continent
604 3363 681 3413 quam
697 3347 765 3412 quod
782 3348 835 3412 ipse
852 3347 938 3398 fecerit
954 3349 981 3398 in
998 3349 1129 3401 consulatu
1146 3358 1234 3403 eoum
1246 3365 1309 3402 nul.-

283 3446 354 3493 sun,
372 3445 531 3492 carismate,
549 3439 574 3481 et
591 3432 617 3481 in
635 3432 691 3495 lege
710 3433 741 3482 do
758 3433 853 3482 ambitu
871 3432 981 3483 ferenda

319 3515 340 3583 ⁵)
358 3517 390 3579 Q.
408 3516 438 3565 fr.
456 3518 487 3566 dc
504 3524 554 3581 pet.
570 3531 637 3567 cons.
656 3521 671 3566 8
692 3519 706 3581 ξ
724 3522 766 3567 80.

318 3600 342 3664 4)
357 3592 422 3650 rin.
441 3604 455 3647 s
476 3601 491 3662 ς
512 3604 551 3648 19.

319 3683 339 3750 ⁵]
357 3685 430 3747 Quae
452 3685 474 3733 si
497 3699 556 3734 vera
578 3692 653 3744 sunt,
672 3699 705 3735 ox
722 3686 762 3735 his
780 3686 861 3736 verbis
877 3685 947 3735 aliud
967 3690 1144 3746 argumentum
1161 3685 1212 3749 peti
1230 3693 1311 3751 potest

284 3784 435 3821 mousom
452 3768 591 3819 defendisse
608 3785 632 3827 Q·
651 3783 771 3820 eueniunt
785 3785 808 3819 a.
818 3785 843 3819 u.
856 3785 878 3819 e.
894 3772 953 3818 688.
963 3767 1016 3818 ac.
1033 3770 1081 3829 66,
1095 3776 1124 3820 ιιι
1137 3769 1309 3821 demonstrare

284 3855 367 3906 eonati
385 3869 471 3904 snmus
487 3854 531 3903 ubi
548 3854 580 3903 de
598 3854 667 3903 illius
683 3867 785 3904 caussae
802 3853 911 3903 dictione
928 3852 1033 3915 egimus.

297 3970 308 3991 ι
321 3940 353 4002 Q.
376 3952 488 3989 cassus
506 3939 575 3988 enim
592 3949 645 3988 eret
661 3952 727 3987 nnus
750 3952 784 3987 ex
807 3939 851 3998 iis,
873 3952 936 4002 quos
958 3947 1089 3989 enumeret
1108 3939 1140 4000 Q.
1158 3940 1235 3991 frater
1258 3938 1275 3988 l.
1291 3938 1309 3988 l.

283 4025 353 4075 euius
370 4024 466 4073 sodales
483 4037 603 4072 creanosr
622 4020 819 4085 suffragarentur
835 4023 862 4071 in
879 4022 999 4087 petitione
1015 4023 1166 4074 consulatus.

319 4106 339 4175 ⁶)
357 4107 412 4159 Cre.
428 4124 452 4172 p.
465 4107 533 4157 Mur.
545 4110 558 4156 7
570 4108 585 4170 ξ
597 4110 635 4156 16.
660 4106 723 4157 Asc.
734 4107 766 4157 ed
774 4120 823 4159 erc.
834 4108 904 4160 Orat.
914 4110 941 4161 iu
955 4111 1028 4176 Toga
1039 4110 1119 4164 Cand
1128 4125 1153 4176 p.
1161 4124 1256 4162 ousss.
1267 4115 1309 4162 88.
