2910 4950
697 409 760 473 142

212 619 356 686 Bobiensi
390 617 602 683 restituamus,
660 615 725 679 Nec
757 613 850 679 tideo
883 637 943 680 cur
982 640 1134 683 momnssn
1166 616 1243 687 huic

211 731 296 810 loco,
326 754 421 816 quem
451 730 590 815 primum
614 726 796 791 coniectura
820 737 856 791 ut
876 727 955 791 mihi
977 728 1102 794 videtur
1124 730 1244 796 infelici

210 843 369 930 supplevit
397 851 516 906 tantam
547 837 725 903 attribuerit
754 839 991 919 auctoritatam,
1017 864 1116 927 quum
1142 864 1243 908 voca-

210 955 310 1032 bulis,
350 977 432 1040 quae
469 952 573 1017 statim
613 958 791 1035 sequuntur
828 950 952 1016 nullam
989 952 1099 1051 fidem·
1116 952 1241 1024 habeat.
1276 945 1281 957 ⁵

210 1065 283 1133 Alia
327 1074 489 1151 praeterea
536 1073 646 1128 contra
696 1084 872 1127 nonusnnn
917 1064 1096 1149 opinionem
1138 1064 1243 1132 facere

213 1176 371 1242 videntur.
429 1177 471 1241 Ut
504 1175 589 1240 onim
624 1173 736 1260 probet
768 1197 850 1261 quaa
883 1173 959 1240 dicit
987 1175 1065 1242 haec
1087 1177 1188 1243 addit:
1211 1178 1240 1268 ¹)

211 1289 382 1373 „conferas
415 1288 510 1352 etiam
544 1307 626 1371 quae
660 1307 776 1352 crosno
810 1286 970 1372 respondit
1003 1311 1076 1353 cum
1111 1312 1243 1356 nunant

212 1412 348 1484 „contra
377 1400 481 1488 legem
511 1398 715 1485 Calpurniam
747 1396 936 1486 gladiatores
966 1399 1084 1467 dedisse
1113 1424 1243 1469 accusa·

212 1522 329 1595 „retur
352 1512 379 1599 ²)
413 1511 557 1593 „lactum
581 1533 600 1575 a
624 1532 753 1575 uanum
783 1511 912 1575 omnino
934 1533 999 1577 non
1022 1498 1088 1593 est,
1113 1513 1153 1579 ab
1175 1515 1245 1585 eiras

212 1674 256 1707 ,‚„
266 1625 374 1689 amicis
396 1634 503 1688 autem
525 1645 610 1688 mora
632 1632 665 1687 et
686 1621 779 1686 modo
803 1622 921 1688 factum
944 1622 1053 1692 cst''”
1080 1625 1108 1714 ⁸)

268 1734 363 1817 Quod
401 1743 626 1822 argumentum
665 1757 729 1798 non
767 1735 866 1820 capio.
924 1735 1050 1802 Licebat
1082 1738 1168 1804 enim
1202 1762 1245 1807 ex

213 1848 284 1935 lege
318 1846 423 1912 Tullia
449 1858 486 1912 ut
519 1844 757 1912 candidatorum
781 1847 873 1912 amici
900 1845 1012 1913 darent
1034 1847 1243 1936 gladiatores,

212 1959 267 2025 sod
288 1982 353 2024 non
376 1958 491 2024 licebat
512 1959 584 2044 ipsis
606 1957 786 2024 candidatis.
834 1959 913 2040 Quis
934 1961 1076 2027 nuncin
1099 1964 1244 2031 animum

213 2071 344 2137 inducet
372 2082 410 2136 ut
436 2069 605 2136 contendat
634 2069 660 2133 si
690 2070 781 2134 amici
808 2069 988 2159 (namhoc.
1012 2094 1081 2139 soc.
1104 2075 1246 2142 inserere

213 2184 285 2249 vult
308 2182 493 2271 nouusnn),
525 2204 583 2268 pro
606 2179 772 2246 candidato
798 2184 964 2267 pecuniam
990 2183 1161 2251 tribulibus
1182 2185 1245 2252 dis·

213 2297 406 2383 pertiissent,
443 2293 645 2359 candidatum
676 2293 874 2358 acerbissima
903 2305 934 2360 et
956 2297 1149 2362 severissima
1170 2296 1244 2385 lego

216 2409 334 2485 teneri,
373 2406 529 2470 severiore
563 2426 658 2490 quam
693 2405 718 2468 si
752 2404 817 2489 ipse
852 2403 944 2470 ludos
964 2417 1048 2486 ‚cett
1084 2407 1244 2474 dedisset?

214 2520 325 2600 Quum
344 2517 422 2581 hacc
440 2527 533 2581 antea
549 2537 634 2580 mora
652 2514 791 2580 fiebant?
814 2518 878 2582 Nec
894 2518 994 2605 magis
1010 2518 1163 2605 probatur
1181 2518 1245 2585 alio

214 2629 286 2695 loco
320 2627 425 2693 itidem
461 2650 480 2692 a
514 2650 700 2692 nonusnruo
730 2629 882 2694 restituto.
915 2629 942 2718 ⁴)
989 2632 1027 2696 In
1058 2631 1121 2697 fine
1149 2631 1246 2701 huius

214 2741 434 2827 disputationis
455 2741 494 2805 ll.
516 2739 543 2828 ⁶)
566 2741 785 2807 auctoritatem
805 2763 970 2808 crcasoms
990 2755 1152 2831 comparat
1170 2767 1246 2811 cum

128 2862 132 2869 '
216 2852 321 2918 Schol.
352 2851 429 2918 Bob.
455 2862 486 2917 ot
507 2850 587 2917 duos
609 2864 753 2919 auctores
775 2855 943 2922 conciliare
966 2859 1067 2944 cupit;
1093 2856 1146 2922 sed
1170 2880 1247 2945 ope·

215 2985 285 3029 ram
316 2962 467 3050 perdidit,
500 2963 555 3048 qui
586 2962 837 3048 praeterviderit,
872 2965 964 3031 illum
999 2966 1038 3031 de
1071 2966 1245 3048 sodaliciis,

216 3072 304 3142 huno
325 3075 363 3140 de
386 3074 587 3152 coitionibus,
611 3075 633 3140 i.
646 3098 674 3141 e.
696 3074 790 3141 illum
813 3076 852 3141 de
874 3100 909 3142 ro
930 3100 1026 3165 quam
1044 3078 1135 3156 vidit,
1159 3079 1247 3149 hunc
1270 3132 1273 3137 -

217 3186 257 3252 de
291 3210 326 3253 rs
359 3209 456 3273 quam
485 3184 653 3272 ignorabat
682 3188 791 3274 egisse.
838 3189 889 3254 Sic
923 3191 1039 3255 reiecto
1069 3173 1246 3257 testimonio

217 3297 323 3364 Schol.
347 3296 424 3364 Bob.
448 3294 620 3362 videndum
643 3297 704 3361 erit
721 3295 760 3362 do
782 3297 891 3363 ceteris
910 3296 996 3365 locis.
1038 3300 1104 3391 *Dio
1123 3323 1247 3368 cassius

256 3589 276 3656 ¹)
293 3591 442 3643 Monam.
460 3607 500 3658 op
519 3595 536 3644 l.
555 3609 579 3660 p.
599 3600 640 3645 55.

254 3671 276 3741 ²)
293 3676 348 3728 Crc.
367 3693 392 3743 p.
411 3679 481 3729 ltlnr.
499 3685 533 3728 34
550 3680 563 3744 §t
580 3683 620 3730 72.

256 3758 276 3827 ⁸)
294 3764 378 3813 Etiam
395 3765 443 3814 hac
461 3766 487 3814 in
504 3780 532 3815 rc
545 3766 587 3815 Μ.
606 3774 685 3826 errat,
702 3767 771 3832 quod
788 3781 921 3818 urnnstu
941 3777 1083 3820 accusatum
1101 3770 1246 3837 dicitquod

220 3854 309 3898 contra
330 3849 413 3911 legem
437 3849 601 3914 Calpurniam
624 3850 774 3913 gladiatores
798 3851 902 3903 dederit.
937 3855 1000 3905 Erat
1022 3856 1070 3905 hoc
1087 3864 1246 3922 pracceptum

222 3931 250 3982 in
268 3933 323 3995 loge
343 3935 436 3984 Tullia
461 3934 499 3986 Cf.
519 3949 567 3985 crc.
587 3951 611 4000 p.
630 3937 698 3987 Mur.
717 3942 750 3988 32
771 3939 786 4001 ξ
804 3941 836 3988 67
855 3946 881 3990 et
897 3954 972 4006 snpra
988 3957 1014 4006 p.
1032 3945 1089 3993 117.

256 4016 532 4083 bosporanos
553 4022 567 4084 ξ
588 4024 627 4071 ta.

257 4100 278 4168 ⁵)
295 4104 442 4155 Momm.
461 4120 501 4169 op.
519 4105 536 4154 l.
554 4121 578 4170 p
596 4110 639 4156 60.
