2910 4950
656 422 697 487 65

158 628 268 717 ingens
299 639 378 696 osset
404 630 555 710 ambitus3
589 628 767 719 legislatore
793 650 890 694 suum
917 626 971 711 qui
994 634 1091 690 totam
1113 642 1183 689 rem

156 740 353 808 iudiciariam
382 765 466 807 novo
489 740 583 807 modo
605 742 753 821 instituit,
786 740 904 827 quique
928 736 1062 802 dictator
1084 734 1183 801 occidi

156 852 244 918 iussit
266 855 406 920 amicum
430 852 647 932 fortissimum,
672 854 823 939 quoniam
842 859 953 916 contra
968 870 1058 912 suam
1077 845 1182 932 legem

156 964 312 1051 populum
336 965 517 1051 prensabat3
543 966 658 1032 diserto
680 965 816 1051 denique
828 961 1005 1028 testimonio
1023 956 1179 1023 Scholias-

156 1084 208 1140 tae
238 1075 335 1155 Bob.,
371 1076 456 1162 quod
484 1079 564 1142 inest
597 1077 700 1142 verbis
733 1076 923 1162 „aliquanto
955 1067 1095 1159 postea’'2
1136 1068 1181 1155 [ei

151 1179 261 1252 schol.
286 1187 420 1253 dictione
442 1188 513 1277 lege
534 1188 677 1255 Cornelio
698 1188 730 1253 id
752 1211 819 1252 esse
841 1184 995 1271 cautum]

200 1300 249 1366 nd
272 1304 287 1386 1
310 1304 379 1369 4·“.
427 1306 494 1369 Hoc
516 1314 613 1391 caput
631 1324 762 1367 sarusar
781 1302 813 1366 in
831 1299 932 1364 indice
951 1296 1061 1383 legum
1083 1291 1182 1358 refert

156 1410 197 1476 ad
226 1412 331 1500 legem
361 1414 538 1480 Corneliam
569 1415 608 1480 de
634 1414 861 1501 proscriptione
887 1410 935 1476 his
961 1406 1080 1473 verbis:
1117 1405 1178 1485 „in

155 1523 291 1606 „eadem
315 1525 427 1611 opinor
441 1525 512 1614 lege
529 1525 601 1606 fuit,
626 1536 663 1591 ut
680 1526 733 1605 iis,
757 1526 813 1611 qui
829 1545 900 1589 suas
919 1530 1024 1608 partes
1041 1519 1075 1585 in
1093 1514 1179 1581 bello

153 1638 279 1717 „secuti
306 1648 425 1717 essent,
455 1637 590 1703 honores
619 1648 693 1704 ante
722 1648 846 1723 tempus
868 1634 1045 1722 legitimum
1068 1647 1180 1715 capere
1254 1730 1258 1739 Ι

155 1744 298 1828 „liceret
344 1747 406 1813 Sed
436 1749 503 1814 aliis
530 1748 633 1836 placet
655 1748 849 1837 peculiarem
873 1745 976 1834 legem
999 1742 1038 1808 de
1060 1739 1178 1826 mopia-

155 1906 174 1940 „
182 1860 311 1923 tectibus
333 1858 443 1936 luisse,
469 1859 554 1946 quod
575 1861 679 1947 ipsum
701 1883 766 1925 non
789 1854 995 1924 absurdum.”

197 1971 318 2035 Diserte
337 1972 503 2057 scriptores
521 1973 652 2037 unicum
668 1971 850 2057 exemplum
868 1967 1000 2034 laudant
1018 1965 1057 2031 de
1076 1989 1104 2031 n.
1121 1985 1177 2029 uu·

152 2080 301 2169 cuuu01)
348 2082 394 2145 Eo
416 2082 562 2168 exemplo
578 2083 606 2171 ²)
636 2081 669 2146 id
692 2082 814 2146 firmari
836 2079 914 2144 mihi
935 2076 1076 2154 videtur,
1104 2097 1176 2139 suu-

152 2214 219 2256 mn
249 2191 307 2256 sibi
329 2191 411 2257 hanc
434 2215 599 2281 arrogasse
623 2193 795 2280 potentiam
818 2202 855 2255 ut
877 2211 956 2276 quoe
977 2185 1073 2252 vellet
1095 2184 1175 2273 legi·

151 2301 212 2368 bus
234 2302 385 2369 solveret:
410 2327 484 2370 nam
507 2304 572 2372 huc
593 2304 675 2371 redit
697 2313 798 2369 totum
822 2301 902 2369 illud
925 2310 1030 2387 caput.

197 2415 268 2479 Dixi
289 2438 411 2480 sunesrr
434 2415 538 2505 legem
561 2417 600 2482 de
623 2417 744 2482 ambitu
766 2414 873 2480 tulisse
894 2413 966 2479 inde
980 2434 1150 2499 apparere:

195 2526 251 2593 111.
299 2525 392 2609 Quod
423 2528 558 2595 ambitus
585 2551 623 2595 eo
653 2540 794 2617 tempore
821 2528 853 2593 in
879 2526 960 2592 urbe
984 2528 1087 2590 Roma
1112 2523 1175 2590 ser·

300 2637 414 2705 buerit.

195 2749 277 2812 Huic
299 2751 475 2834 quaestioni
498 2752 541 2817 ita
558 2752 771 2839 respondebo,
796 2763 828 2817 et
848 2752 908 2817 nisi
926 2752 1020 2818 fallor
1037 2755 1082 2819 sic
1099 2762 1173 2839 p'ro·

148 2859 268 2945 positae
287 2858 452 2925 historicae
474 2861 680 2948 disquisitioni
702 2863 805 2928 solum
824 2873 933 2949 potero
956 2863 1133 2930 satisfacere
1147 2866 1174 2932 si

146 2970 313 3055 deinceps,
339 2992 420 3056 quae
439 2970 547 3061 alege
565 2974 709 3040 Cornelia
732 2973 841 3038 Fuln'a
864 2974 927 3038 lota
945 2973 985 3039 ad
1004 2998 1032 3041 n.
1053 2996 1173 3042 conm-

149 3103 196 3146 nn
218 3103 336 3146 suusne
354 3092 498 3170 tempora
515 3087 546 3150 in
564 3087 808 3175 magistratuum
823 3085 971 3171 petitione
986 3097 1018 3151 et
1033 3087 1066 3152 in
1086 3090 1173 3155 omni

148 3190 208 3257 bac
226 3194 358 3258 materie
380 3196 597 3262 memorabilia
619 3207 708 3286 gesta
728 3198 803 3275 sint,
828 3219 1012 3283 exposuero.

193 3303 374 3372 Videndum
397 3307 496 3395 igitur
517 3310 590 3375 erit:

148 3414 186 3482 A.
215 3414 255 3480 de
276 3417 330 3496 iis,
361 3441 443 3505 quae
465 3419 506 3486 ad
528 3421 731 3510 magistratus
759 3421 962 3509 capessendos
984 3421 1171 3491 emendosve

215 3529 333 3616 agitata
355 3542 444 3612 sunt,

148 3638 183 3704 B.
215 3638 254 3705 de
268 3638 338 3728 lege
350 3642 484 3710 Gabinia
496 3644 672 3724 tabellaria,
686 3644 785 3711 latua.
799 3668 832 3712 u.
842 3669 868 3712 c.
881 3645 955 3710 615.
969 3667 997 3711 a.
1011 3646 1043 3713 C.
1053 3646 1127 3714 139.
1139 3646 1166 3735 ⁸)

149 3792 351 3807 -—--

184 3858 203 3925 1)
221 3860 277 3913 Cre.
295 3863 375 3914 Aeac
394 3865 430 3914 11.
453 3868 474 3913 1.

183 3936 203 4007 ²)
220 3943 336 3996 Fortasse
354 3948 380 3996 in
398 3960 510 4005 sorren
525 3950 643 4013 petitione
661 3949 728 3998 idem
743 3947 833 3999 occidit
848 3949 916 4013 qnod
934 3950 960 3999 tn
982 3963 1102 4003 esconio
1119 3968 1170 4006 mo

150 4028 203 4077 nni.
230 4028 299 4081 Aer.
318 4033 349 4081 B.
368 4031 397 4082 C.
415 4034 438 4082 1.
461 4037 517 4082 121.
805 4028 808 4033 ’

183 4108 203 4176 ⁵)
221 4115 288 4167 Vide
306 4130 456 4169 arsenarum
473 4134 513 4183 op.
533 4119 549 4168 1.
568 4119 601 4169 ad
618 4119 643 4168 h.
659 4134 762 4168 annum.

322 4206 326 4213 '
972 4211 990 4274 s
