2910 4950
607 418 670 482 149

126 627 193 710 „lis
214 628 298 692 enim
321 629 377 691 etsi
402 625 535 713 collegia
557 646 620 690 nou
645 623 854 702 tollebantur,
880 631 984 688 tamon
1004 623 1146 687 factioso·

125 762 225 821 „rum
256 749 341 804 certe
368 736 514 803 sodalioia
540 746 614 802 sunt
639 734 808 801 discussa.’'
854 733 915 798 Sed
938 735 1059 798 utiam
1082 736 1148 819 ipae

125 850 201 916 vidit
222 853 281 930 ll„
313 873 377 915 non
407 871 510 914 sermo
537 859 584 913 est
609 847 648 912 de
675 848 828 914 sodaliciis
850 845 904 912 sed
926 844 965 910 de
988 844 1144 931 collegiis;

123 984 191 1027 rem
221 984 296 1026 vero
323 971 408 1027 reete
428 960 642 1048 intelligemus
664 961 689 1025 si
714 960 746 1024 in
770 959 955 1024 memoriam
978 978 1146 1022 revocave-

123 1075 224 1139 rimus
239 1097 266 1139 ι.
283 1095 392 1138 eroon
408 1071 603 1138 tribunatum
619 1071 681 1158 pl.‚
706 1071 760 1156 qui
777 1069 860 1135 cadit
878 1071 910 1134 in
930 1093 959 1136 a.
972 1092 1006 1135 u.
1020 1092 1046 1136 e.
1067 1069 1144 1140 696.

123 1207 152 1250 a.
173 1185 206 1250 C.
224 1184 277 1250 58.
303 1207 331 1251 ι.
351 1206 528 1249 caurorum
543 1205 670 1261 maora,
695 1206 726 1248 ι.
744 1204 877 1246 samaro
896 1204 973 1247 coss.
995 1181 1050 1266 qui
1065 1180 1147 1244 inter
1236 1200 1240 1207 ¹

124 1295 201 1361 alias
223 1295 309 1383 leges
330 1296 412 1361 hano
435 1295 525 1360 tulit:
558 1317 657 1376 „nam
680 1293 762 1358 latae
785 1303 859 1357 sunt
880 1291 1007 1378 quidem
1033 1289 1143 1381 (leges)

124 1416 188 1489 „ut
217 1407 344 1492 collegia
374 1429 437 1471 non
470 1404 563 1470 modo
590 1405 646 1470 illa
675 1414 781 1469 vetera
802 1414 909 1468 contro
931 1404 1037 1468 Sotum
1060 1403 1148 1467 resti·

123 1526 318 1598 „tuerentur
333 1517 387 1582 sed
406 1517 445 1582 ab
465 1540 530 1582 uuo
547 1515 722 1604 gladiatore
736 1517 970 1581 innumerabilia
985 1515 1047 1580 alia
1065 1535 1148 1579 nova

123 1678 142 1709 „
154 1629 424 1694 conscriberentur
438 1629 464 1717 ¹)
490 1638 563 1694 cett.
584 1639 615 1693 et
637 1628 675 1694 de
699 1627 807 1694 eadem
828 1650 878 1693 re:
904 1627 1066 1715 „collegia
1082 1649 1147 1692 non

124 1762 186 1822 „ea
207 1739 327 1818 solum,
352 1762 433 1826 quae
455 1741 589 1805 Senatus
611 1739 781 1805 sustulerat
802 1740 960 1817 restituta,
980 1738 1033 1804 sed
1053 1739 1147 1803 inuu-

124 1848 314 1932 „merabilia
344 1849 498 1935 quaedam
533 1872 616 1914 nova
649 1872 689 1914 ex
720 1828 807 1914 faece
838 1851 925 1915 urbis
955 1871 992 1913 ao
1021 1849 1148 1912 servitio

124 1959 327 2043 „concitata”
343 1960 383 2047 ²).
430 1961 532 2045 Igitur
550 1959 589 2024 de
611 1961 684 2025 Scto
708 1960 758 2024 vel
778 1959 817 2023 de
840 1959 910 2047 loge
933 1983 973 2024 ex
991 1961 1065 2023 Seto
1084 1958 1148 2023 lata

123 2081 188 2153 „ut
205 2069 325 2135 sodales
342 2069 556 2157 decuriatique
575 2070 788 2136 discederent”
806 2072 937 2158 cogitari
953 2094 1017 2134 non
1036 2080 1147 2155 potest.

122 2185 221 2248 Erant
242 2205 280 2246 ea
302 2181 436 2269 collegia
461 2182 616 2268 prohibita
638 2192 711 2246 anto
734 2206 761 2248 ι.
786 2204 895 2247 eroon
917 2191 957 2249 tr.
982 2181 1024 2268 pl.
1050 2183 1148 2269 igitur

122 2295 216 2361 etiam
240 2295 341 2381 magis
363 2304 436 2358 ante
458 2317 486 2361 a.
501 2318 532 2360 u.
547 2318 574 2360 e.
596 2294 672 2361 698.
691 2316 719 2359 a.
740 2294 773 2358 C.
792 2293 849 2372 56,
875 2316 939 2380 quo
961 2315 1045 2358 anno
1068 2291 1148 2359 illud
1166 2285 1169 2291 ¹

121 2407 232 2471 Setum
255 2405 442 2470 estfactum
469 2407 508 2493 ⁸).
556 2409 660 2470 Monet
689 2404 793 2470 adhue
816 2404 896 2470 alius
923 2404 1091 2492 scrupulus
1113 2406 1147 2470 in

122 2517 225 2582 vorbis
246 2538 374 2582 asooru
391 2517 430 2605 ⁴).
479 2520 608 2605 legitur
633 2518 731 2582 enim:
756 2542 813 2599 „a
838 2538 944 2598 rutro,
969 2540 999 2585 c.
1024 2539 1147 2584 ιιιιιοιο

122 2651 226 2714 „coss
251 2630 324 2693 Seto
348 2629 481 2717 collegia
503 2631 627 2696 sublata
649 2640 739 2708 sunt,
768 2652 850 2716 quae
873 2631 1022 2695 adversus
1044 2653 1145 2716 remp.

121 2738 335 2824 „videbantur
350 2763 428 2819 esse3
445 2751 514 2826 post
529 2763 643 2806 novem
661 2739 773 2805 deiude
790 2763 888 2805 annos
907 2763 1003 2828 quam
1022 2741 1145 2805 sublata

122 2861 238 2935 „erant
264 2874 291 2917 r.
316 2873 447 2916 cronius
476 2863 515 2916 tr.
540 2851 584 2938 pl.
614 2851 686 2938 lege
715 2849 779 2915 lata
808 2853 945 2916 restituit
975 2850 1143 2940 collegia.”

120 2965 154 3030 P.
164 2983 335 3029 coarsuros
347 2960 491 3028 defensus
502 2973 548 3027 est
559 2984 577 3026 a
589 2983 746 3026 crcaaors
758 2984 786 3028 a.
801 2985 832 3028 u.
843 2985 869 3028 c.
881 2963 956 3027 689.
966 2984 994 3028 a.
1004 2963 1036 3027 C.
1049 2962 1090 3026 65
1103 2962 1144 3049 ⁵).

121 3075 230 3141 Postea
253 3075 351 3163 igitur
373 3072 453 3139 illud
473 3077 582 3140 Setum
602 3073 722 3139 factum
743 3084 789 3139 est
807 3085 838 3139 et
856 3084 965 3161 sponte
988 3073 1051 3138 iam
1068 3096 1143 3139 con·

120 3187 229 3253 sidunt
251 3208 440 3252 uorouaruu
463 3187 662 3273 aliorumque
685 3187 884 3253 coniecturae
905 3185 931 3275 8)
959 3185 997 3250 de
1017 3209 1045 3252 o.
1068 3208 1144 3250 cas·

120 3320 206 3365 curo
233 3311 265 3364 et
287 3322 410 3366 raucio
440 3323 517 3365 coss.
549 3321 577 3366 a.
599 3321 630 3365 u.
649 3321 675 3364 o.
696 3299 770 3365 686.
801 3322 828 3365 a.
853 3299 887 3364 C.
913 3298 964 3364 68.
1012 3298 1142 3364 Factum

152 3511 173 3579 ι)
190 3513 245 3564 c1c.
263 3530 288 3580 p.
307 3514 372 3564 Sat.
391 3517 423 3561 ιι
442 3511 455 3576 a
477 3515 518 3559 ss.

152 3592 173 3665 ²)
191 3598 246 3649 Cro.
264 3600 290 3648 iu
308 3599 359 3648 Pia.
380 3604 395 3646 4
412 3596 425 3660 6
443 3600 468 3645 9.
491 3594 522 3644 cf.
544 3607 596 3643 mc.
619 3606 761 3643 rasuram.
778 3593 804 3642 in
823 3594 869 3656 Ep.
885 3594 917 3642 ad
935 3605 959 3643 c.
977 3606 1142 3643 moturos.

119 3697 143 3747 p.
163 3686 204 3732 66.
223 3681 342 3733 cantabr.
363 3685 436 3732 1741.
455 3680 515 3730 Aa.
533 3680 566 3729 ad
583 3679 609 3728 h.
625 3680 642 3728 l.
661 3695 685 3744 p.
701 3693 744 3727 ora
764 3683 788 3726 8.

125 3820 128 3825 ⁴
152 3762 173 3830 δ)
192 3767 260 3818 Vide
277 3779 457 3816 uouusamuu
474 3779 497 3828 p.
518 3768 548 3814 76
568 3778 621 3829 sqq.

152 3843 173 3912 ⁴)
191 3849 254 3897 Aac.
273 3864 297 3912 p.
315 3862 357 3896 oa
379 3852 391 3897 7
410 3860 447 3910 sq.

153 3927 172 3995 5)
190 3931 254 3981 Aac.
273 3947 297 3995 p.
315 3946 359 3981 oa.
378 3934 419 3979 66.

152 4012 173 4078 6)
190 4016 276 4068 Secuti
298 4025 356 4067 aunt
382 4027 566 4065 noromauu
594 4027 717 4064 omasus.
743 4019 767 4063 ot
791 4023 911 4062 uauuas.
939 4011 996 4062 vido
1019 4025 1138 4063 uouusa-

117 4113 185 4151 ruuu
207 4103 291 4165 12⁷4·
