2910 4950
691 407 754 472 124

208 617 346 683 Omnino
386 614 480 680 credo
518 634 621 699 neque
661 635 715 677 eos
751 610 923 677 audiendos
956 622 1050 698 puto,
1087 616 1141 700 qui
1174 616 1236 684 hoe

207 728 324 795 idcirco
359 734 492 815 negent,
530 723 614 811 quod
644 723 722 789 haee
753 748 816 789 non
847 723 995 790 caderent
1017 726 1050 791 in
1073 749 1236 795 summum

208 843 328 918 letum,
364 851 396 905 at
429 838 557 903 honoris
587 836 834 923 cupidissimum.
890 837 1064 920 „Graviter
1092 838 1236 908 homines

208 952 394 1034 „tulerunt,
419 951 523 1035 inquit
544 971 660 1014 crunno
685 948 712 1036 ¹)
738 972 759 1012 a
781 948 837 1013 tali
859 949 929 1013 viro
952 973 1017 1014 esse
1036 962 1233 1038 pugnatum,

208 1074 271 1145 „ut
297 1085 406 1127 omnes
428 1072 460 1126 et
481 1061 641 1149 dignitatis
663 1071 695 1124 et
716 1059 837 1147 gratiae
860 1060 979 1147 gradus
1001 1061 1193 1129 tollerentur
1201 1064 1234 1144 ,''

208 1196 290 1260 quae
313 1173 430 1259 optime
453 1173 644 1238 conveniunt
667 1194 741 1236 eum
764 1171 835 1259 lege
858 1172 994 1240 Manilia.

256 1286 472 1373 Consteionem
505 1286 726 1372 suffragatorum
760 1286 841 1372 sign.
877 1307 983 1370 posse,
1016 1295 1053 1350 ut
1082 1286 1237 1374 suffragia

208 1398 346 1464 libertini
386 1399 418 1461 in
457 1396 601 1462 tribubus
643 1406 851 1483 patronorum
896 1396 1016 1463 ferrent
1053 1408 1143 1463 extra
1175 1397 1237 1463 du·

208 1512 297 1577 bium
342 1532 407 1574 esse
445 1508 580 1576 videtur.
622 1512 650 1596 ²)
723 1506 922 1594 Sequebatur
959 1509 1057 1597 igitur
1095 1508 1238 1576 confusio

210 1622 435 1709 suffragiorum
466 1644 506 1684 ex
536 1620 615 1707 legis
641 1618 785 1684 Maniliae
813 1621 1052 1708 prorogatione;
1077 1621 1103 1685 si
1126 1631 1238 1690 coum

210 1733 436 1820 suffragiorum
465 1730 607 1796 confusio
629 1732 709 1819 sign.
734 1732 877 1818 omniurn
900 1732 1128 1820 suffragiorum
1152 1733 1237 1798 lato-

210 1867 283 1911 rum
313 1844 506 1930 eomputatio
534 1844 567 1907 in
598 1864 716 1920 unum,
747 1841 808 1908 boc
839 1866 856 1908 e
884 1844 1014 1931 regione
1036 1854 1116 1909 esset
1138 1867 1237 1931 oppo-

211 1958 305 2022 situm
337 1956 415 2043 legis
446 1953 590 2020 Maniliae
620 1957 853 2042 prorogationi3
884 1978 958 2020 nans
981 1979 1019 2021 eo
1042 1955 1135 2021 modo
1158 1956 1237 2022 nihil

211 2091 340 2156 prorsus
377 2068 538 2132 interesset
579 2065 751 2132 tulerintue
789 2065 927 2131 libertini
971 2068 1162 2155 suffragium
1203 2069 1237 2134 in

211 2178 356 2245 tribubus
379 2177 525 2256 urbanis,
550 2199 591 2241 an
614 2178 646 2241 in
670 2187 878 2262 patronorum
901 2177 1055 2244 tribubus.

253 2289 338 2372 Quid
367 2311 444 2353 vero
473 2286 652 2352 faciendum
683 2288 722 2352 sit
748 2310 817 2356 roc.
841 2289 1072 2375 prosopatioaie
1093 2287 1237 2356 nondum

209 2403 282 2468 seio.
329 2400 414 2466 Illud
444 2401 543 2486 accipi
565 2423 629 2465 non
654 2423 742 2486 pesse
765 2424 803 2466 eo
826 2425 936 2480 sensu,
962 2424 1026 2487 quo
1049 2424 1237 2468 uouusnuro

209 2512 339 2598 aliisque
362 2511 502 2591 videtur,
527 2510 604 2576 mihi
624 2533 810 2597 persuasum
829 2523 886 2579 est.
922 2512 1043 2595 Quodsi
1064 2536 1139 2579 vera
1161 2525 1238 2581 sunt

209 2646 290 2711 quae
320 2622 475 2709 disputavi
504 2621 583 2687 nihil
613 2635 755 2710 superest
790 2646 886 2711 quam
917 2624 1023 2692 locum
1054 2625 1233 2716 corrigere,

209 2735 295 2822 quod
318 2734 396 2802 mihi
418 2756 483 2802 non
507 2735 649 2824 contigit.

682 2994 698 3076 t
727 2992 757 3057 6.

547 3179 609 3244 Rei
631 3199 669 3243 ea
692 3179 757 3265 lese
783 3180 893 3246 Tull-ta

254 3415 280 3480 1.
326 3412 361 3476 b.
386 3430 520 3474 erasurus
544 3432 688 3489 nunnus,

209 3524 300 3589 cuius
322 3543 435 3588 causae
457 3520 624 3588 dictionem
651 3521 677 3609 ³)
705 3543 805 3608 quum
829 3544 996 3589 cremense
1019 3544 1078 3610 pro
1100 3546 1139 3589 eo
1162 3544 1238 3610 par·

209 3634 266 3700 tim
285 3643 384 3698 exstet
406 3631 558 3710 defensio,
582 3631 655 3698 satis
674 3641 821 3697 accurate
840 3654 1031 3721 cognoscere
1050 3656 1235 3720 possumus,

210 3743 392 3832 praesertim
424 3764 498 3806 cum
526 3763 564 3806 ea
594 3742 695 3806 oratio
725 3763 891 3808 csenaoms
920 3743 990 3809 talis
1016 3744 1071 3824 sit,
1097 3755 1238 3830 quaeat

245 3934 264 3997 ¹)
282 3935 337 3986 Cu.
356 3951 380 4000 p.
399 3935 466 3985 Mur.
487 3941 518 3985 23
540 3936 554 3999 ξ
573 3939 614 3986 47.

244 4016 265 4084 ²)
283 4020 338 4072 Cre.
357 4022 387 4071 de
405 4021 462 4071 Fin.
482 4023 515 4070 V.
536 4023 550 4084 ξ
569 4026 610 4072 67.
629 4023 660 4072 de
678 4023 757 4087 Legg.
776 4024 812 4073 11.
833 4027 848 4088 §
866 4030 907 4075 25.

246 4101 266 4169 ⁵)
283 4105 351 4157 Vide
373 4118 467 4156 nnorz.
494 4106 520 4156 in
539 4121 636 4170 egum.
655 4107 730 4160 huius
747 4117 809 4160 orat.
827 4125 867 4175 op.
887 4110 904 4159 l.
923 4110 955 4160 T.
973 4111 1010 4162 11.
1029 4127 1054 4176 p.
1073 4115 1219 4165 seo-⁵92.
