2910 4950
765 418 830 484 200

285 622 341 710 qui
376 621 456 688 alios
484 621 622 689 ambitus
654 622 942 689 condemnaverant
979 623 1004 712 Ι)
1040 625 1158 689 mirum
1192 627 1312 691 nemini

286 733 428 800 accidere
462 745 563 821 potest
594 734 680 822 quod
709 735 783 802 dicit
804 759 972 802 arrianus:
998 736 1026 824 ²)
1053 736 1105 800 καὶ
1135 737 1250 810 πλῆθος
1277 731 1312 810 ἦν

286 846 404 912 adriae
433 850 520 914 δικῶν
542 847 699 916 ποικίλων.
728 850 755 938 3)
804 851 983 916 Paucorum
1011 859 1118 914 tamen
1140 849 1250 913 notitia
1273 848 1314 914 ad

283 981 342 1025 nos
365 962 518 1047 pervenit.

328 1074 355 1139 l.
391 1074 426 1138 Τ.
450 1095 563 1139 annius
586 1093 674 1140 utro.

329 1184 469 1250 Profusis
494 1209 559 1252 non
589 1185 693 1252 solum
723 1185 959 1274 largitionibus,
990 1184 1044 1251 sed
1067 1185 1162 1249 etiam
1185 1184 1316 1250 armatis

284 1293 434 1381 stipatus,
466 1296 666 1363 consulatum
697 1297 839 1382 petierat.
864 1298 891 1386 ⁴)
940 1296 973 1360 Si
996 1317 1146 1360 cranaoru
1164 1293 1241 1360 fidea
1259 1294 1315 1360 ha·

285 1406 388 1474 banda
411 1419 457 1474 est
486 1410 552 1475 sine
582 1409 679 1474 dubio
709 1408 863 1474 honorem
894 1431 989 1495 quem
1012 1408 1115 1495 petiit,
1139 1418 1219 1472 esset
1240 1428 1316 1474 nac·

284 1529 352 1600 tua;
381 1521 408 1608 5)
438 1521 524 1607 quod
555 1544 656 1608 quum
687 1544 819 1588 atomus
849 1520 985 1599 rideret,
1014 1543 1140 1586 summo
1160 1540 1315 1585 consensu

284 1631 320 1698 P.
349 1634 387 1697 R.
424 1655 571 1698 arnonem
605 1634 768 1699 consulem
791 1633 875 1713 fieri,
901 1632 1036 1700 contulit
1065 1655 1115 1711 se,
1149 1643 1317 1718 praeturae

285 1753 449 1829 appetens,
475 1744 667 1811 aduramus
692 1747 911 1832 competitores
940 1754 977 1809 ut
1006 1746 1043 1809 iis
1071 1745 1313 1832 suffragaretur.

283 1855 469 1922 Inciderunt
490 1869 597 1945 postea
625 1868 697 1923 anta
721 1859 848 1923 comitia
870 1856 1049 1922 consularia
1073 1856 1183 1922 caedes
1204 1877 1315 1921 anonrr

286 1966 430 2056 aliaeque
459 1970 491 2035 in
520 1971 599 2036 urbe
628 1970 757 2048 turbae,
782 1970 826 2035 ita
852 1980 890 2034 ut
912 1969 1038 2034 comitia
1060 1967 1265 2033 differrentur
1287 1975 1319 2032 at

284 2100 336 2144 res
365 2077 406 2142 ad
435 2080 655 2168 interregnum
689 2079 819 2159 rediret:
858 2101 941 2165 quae
971 2089 1078 2165 postea
1119 2087 1190 2143 acta
1222 2086 1317 2154 aunt,

286 2190 350 2255 iam
379 2189 522 2257 vidimus.
570 2194 653 2258 lino
682 2200 751 2256 erat
775 2214 815 2256 ex
838 2191 970 2256 inimicis
992 2213 1139 2268 nomnen,
1166 2190 1319 2275 quicum

286 2298 419 2386 perdere
440 2300 550 2368 voluit.
586 2301 804 2368 Accuaabatur
826 2325 892 2367 uno
914 2301 1088 2389 eodemque
1111 2312 1269 2387 tompore:
1285 2297 1315 2386 Β)

332 2408 371 2475 de
394 2411 443 2489 vi,
466 2410 506 2475 de
527 2411 682 2477 sodaliciis
706 2411 799 2477 etde
821 2411 953 2479 ambitu.

332 2522 507 2586 Accusatus
530 2534 576 2587 est
597 2522 636 2588 de
659 2523 779 2587 ambitu
802 2523 842 2587 ab
864 2546 967 2588 araris
990 2544 1114 2590 eronus
1136 2520 1317 2587 adolescan-

290 2632 387 2711 tibus‚
408 2655 546 2719 quorum
563 2634 714 2700 divinatio
733 2633 839 2700 habita
850 2647 896 2700 est
907 2648 1072 2721 quaestore
1088 2659 1119 2702 a,
1136 2655 1318 2711 ronouaro.

291 2746 331 2812 ld.
363 2768 547 2814 maneamus
577 2771 637 2835 pro
667 2769 787 2815 unone
816 2748 952 2815 obtinuit
980 2759 1018 2815 ut
1039 2771 1166 2816 causam
1189 2747 1228 2814 de
1251 2768 1320 2812 am·

288 2926 513 2939 ——n

326 3019 347 3086 1)
364 3021 416 3071 1)ιο
430 3032 533 3072 casatus
553 3021 611 3072 XL.
630 3027 671 3071 52.

326 3101 347 3170 1)
365 3106 434 3155 Arr.
452 3107 484 3156 Β.
494 3105 524 3157 C.
542 3107 578 3155 11.
599 3111 641 3156 24.

325 3185 348 3254 ³)
365 3191 447 3241 Pana.
465 3191 520 3241 Cat.
539 3192 604 3241 Min.
624 3196 665 3242 48.

325 3273 346 3340 4)
365 3278 429 3326 Aac.
447 3292 471 3340 p.
490 3291 533 3326 on
552 3282 595 3327 31.

327 3359 347 3428 ⁵)
365 3362 420 3413 Cre.
439 3378 463 3426 p.
481 3362 538 3411 Mil.
558 3366 572 3410 9
590 3362 603 3427 §
624 3366 666 3411 25.

328 3443 349 3514 ⁶)
367 3447 432 3495 Aac.
450 3462 474 3510 p.
494 3461 537 3496 oa.
556 3451 588 3495 ³9
606 3461 645 3511 aq.
681 3446 723 3495 Ex
741 3445 767 3494 h.
783 3446 802 3496 1.
822 3459 925 3496 racomr
943 3448 973 3498 in¹
993 3448 1044 3497 fine
1063 3462 1087 3511 p.
1106 3451 1149 3498 39.
1167 3448 1223 3497 inre
1239 3453 1325 3511 potest

295 3531 388 3598 aliquia
410 3531 532 3580 conficere
557 3543 679 3579 uuonan
699 3529 774 3580 suinae
792 3531 897 3594 petitum
915 3532 948 3580 ab
966 3543 1052 3579 arnna
1070 3531 1145 3580 etiam
1162 3530 1194 3579 do
1210 3531 1262 3581 alio
1279 3531 1326 3580 ori-

295 3618 365 3668 mino
379 3631 457 3681 qnam
474 3615 506 3663 da
523 3613 626 3662 anoua-
647 3614 802 3678 npostulntus
821 3622 858 3663 cst
875 3629 941 3664 mmo
960 3615 992 3663 ab
1010 3628 1095 3663 arnus
1113 3628 1216 3665 cuonna
1231 3615 1325 3665 adolea

297 3703 432 3753 ‚cantibus
455 3701 564 3762 itemque
587 3699 618 3746 do
640 3698 736 3746 ambitu
754 3699 786 3746 ab
804 3699 891 3747 iisdem
910 3711 995 3748 arrua
1014 3705 1039 3747 ct
1055 3706 1184 3762 practerea
1200 3699 1233 3747 da
1248 3697 1277 3747 vi
1293 3696 1327 3745 ab

300 3809 313 3831 n
321 3799 345 3836 e.
356 3797 469 3835 curuare
479 3790 503 3831 et
513 3783 687 3831 conarrrcross'
705 3782 763 3830 Hoc
776 3796 866 3831 nermo
875 3798 974 3847 qnoque
988 3785 1086 3832 ridetur
1095 3798 1135 3846 op.
1144 3783 1162 3832 1.
1172 3797 1196 3847 p
1208 3785 1256 3831 7³³
1264 3818 1272 3842 ‚
1281 3780 1327 3846 qui

295 3870 389 3933 cogitat
403 3869 434 3917 do
452 3867 531 3917 altera
548 3866 704 3915 accusatione
713 3867 744 3914 dc
760 3868 799 3926 vi,
814 3869 882 3932 qnod
898 3867 1063 3919 demonstrari
1077 3876 1199 3932 potcatex
1213 3879 1326 3918 amomo

296 3971 321 4021 p.
339 3969 383 4004 oa.
402 3958 435 4002 53
458 3967 511 4017 sqq.
536 3967 596 4001 narn
619 3957 722 4015 apparot
738 3965 841 4002 aaaron
858 3952 936 4005 luiaao
951 3963 1123 4006 accusatorem
1141 3955 1172 4004 de
1189 3954 1229 4014 vi,
1246 3967 1327 4018 quum

297 4051 392 4088 cranao
415 4050 460 4099 pro
484 4049 585 4085 urnouu
609 4035 682 4085 dixit
718 4034 757 4087 Cf.
781 4049 829 4088 erc.
855 4053 879 4102 p.
902 4038 960 4089 Mil.
986 4044 1019 4090 22
1039 4040 1111 4102 §ott
1147 4040 1262 4105 Apparet
1278 4039 1328 4091 hoe

300 4122 442 4174 luculenter
459 4134 492 4171 ex
510 4133 565 4172 Aac.
582 4134 606 4184 p
624 4131 667 4170 ou.
687 4124 728 4170 tt.
