2910 4950
617 420 680 486 123

138 628 202 694 iam
228 624 405 711 reliquisset
434 633 603 712 antequam
626 624 707 692 illud
730 625 841 713 populi
862 627 1034 694 senatusue
1055 628 1163 696 decre·

138 752 208 807 tum
231 739 367 806 adeum
390 740 590 826 pervenisset.

183 854 341 918 llonnsnu
373 850 435 917 alia
465 851 567 917 utitur
594 851 716 917 ratione
738 862 775 915 ut
795 873 885 917 suam
909 852 1088 938 opinionem
1112 849 1165 916 de-

139 965 257 1032 fendat.
304 967 362 1047 „Si
393 965 533 1051 magnis,
569 964 629 1041 ait,
657 961 684 1050 1)
721 962 795 1028 licet
828 985 925 1048 parva
959 985 1167 1049 componere,

141 1078 310 1164 „cogitent
341 1074 435 1140 velim
469 1075 527 1141 Icti
553 1074 593 1140 de
622 1073 841 1160 stipulatione,
874 1098 955 1160 quae
984 1076 1168 1160 exceptione

141 1194 320 1272 „perpetua
356 1207 396 1250 ne
433 1194 560 1270 petatur
590 1185 679 1249 irrita
710 1184 793 1263 facta
822 1208 897 1250 mox
930 1185 1110 1264 reviviscat,
1143 1186 1169 1251 si

140 1320 277 1381 „rursus
305 1298 452 1363 convenit
477 1308 513 1361 ut
542 1295 702 1382 petatur.''
728 1296 756 1384 2)
805 1295 866 1361 Sed
896 1295 976 1362 baec
1005 1318 1103 1382 parva
1128 1295 1169 1362 ad

140 1432 258 1498 magna
287 1409 353 1475 scil.
382 1419 489 1473 nostra
517 1408 565 1472 nil
594 1409 751 1493 pertinere
781 1407 931 1472 isstatim
955 1405 1088 1486 videbit,
1114 1405 1170 1493 qui

141 1524 260 1610 cogitet
289 1520 363 1608 quid
395 1521 434 1585 sit
462 1520 597 1585 conuenit
623 1520 643 1584 i.
662 1543 689 1585 e.
717 1519 860 1606 partibus
886 1519 1167 1597 consentientibus,

141 1633 227 1720 quod
249 1643 333 1699 certe
355 1654 419 1696 non
443 1629 526 1697 cadit
548 1631 580 1696 in
603 1631 857 1717 prorogationem
881 1630 969 1696 illam
992 1653 1050 1716 per
1067 1631 1169 1696 Sena-

140 1755 219 1811 tum.
256 1743 351 1809 Aliud
378 1745 472 1809 etiam
492 1753 722 1836 argumentum
745 1744 838 1808 affert
860 1765 1026 1820 nonnam,
1052 1740 1078 1829 θ)
1105 1764 1170 1807 non

57 1910 62 1917 ,
139 1879 229 1943 posse
269 1858 421 1921 Senatum
460 1853 547 1941 leges
586 1855 759 1941 abrogare,
784 1836 945 1940 'quamvis
983 1853 1015 1918 id
1048 1853 1172 1938 saepius

140 1966 249 2032 locum
271 1966 426 2033 habuerit.
474 1967 571 2030 Cuius
596 1966 643 2031 rei
661 1967 694 2030 in
713 1965 808 2030 fidem
824 1965 931 2032 laudat
950 1965 1028 2030 haec
1045 1987 1172 2031 nscoru

142 2077 255 2143 uerba:
282 2076 309 2165 ⁴)
346 2077 552 2157 „Connnnrus
583 2076 800 2163 promulgavit
829 2075 948 2164 legem,
973 2098 1037 2161 qua
1062 2086 1170 2144 aueto-

141 2187 290 2270 „ritatem
321 2188 457 2251 Senatus
480 2185 659 2266 minuebat;
684 2209 724 2251 ne
759 2188 829 2272 quis
854 2187 913 2251 nisi
935 2208 992 2272 per
1013 2187 1168 2273 populum

140 2298 292 2386 „legibus
319 2298 506 2364 solveretur.
553 2297 647 2379 Quod
669 2298 800 2383 antiquo
823 2320 950 2384 quoque
973 2299 1042 2362 iure
1065 2298 1169 2364 fuerat

140 2422 314 2494 „cautum3
338 2413 382 2475 ita
406 2410 438 2475 in
462 2409 608 2477 omnibus
630 2411 725 2488 Setis,
750 2409 864 2496 quibus
887 2410 1026 2496 aliquem
1045 2410 1169 2498 legibus

140 2522 243 2605 „solvi
272 2522 433 2608 placebat,
464 2522 556 2589 adiici
586 2533 654 2589 erat
682 2522 829 2601 solitum,
860 2532 896 2587 ut
926 2522 966 2588 de
994 2545 1032 2589 ea
1062 2545 1098 2588 re
1128 2522 1168 2589 ad

139 2634 320 2723 „populum
351 2634 506 2714 ferretur,
538 2635 591 2701 sed
622 2633 788 2721 paullatim
816 2634 893 2700 ferri
922 2643 991 2700 erat
1016 2633 1168 2721 desitum,

139 2767 277 2831 „resque
300 2746 363 2809 iam
386 2745 418 2808 in
437 2767 507 2810 eam
527 2744 787 2812 consuetudinem
807 2757 936 2811 venerat
953 2758 990 2812 ut
1009 2757 1167 2832 postremo

139 2880 205 2940 „ne
236 2856 425 2920 adiiceretur
447 2854 573 2940 quidem
596 2857 629 2921 in
651 2857 731 2920 Setis
753 2854 792 2920 de
814 2857 979 2942 rogatione
1003 2857 1043 2921 ad
1066 2879 1167 2944 popu·

138 2968 233 3050 „lum
264 2964 409 3043 ferenda,
433 2987 533 3051 eaque
556 2967 623 3052 ipsa
645 2968 718 3031 Scta
741 2985 797 3051 per
820 2965 972 3051 pauculos
995 2967 1167 3035 admodum

138 3077 313 3161 „fiebant”
371 3079 480 3164 Neque
517 3078 577 3143 hoc
612 3100 686 3143 cum
721 3087 828 3141 nostra
862 3076 1043 3164 quaestione
1074 3078 1165 3164 quid-

138 3214 234 3279 quam
264 3189 358 3254 habet
388 3212 572 3269 commune;
604 3188 665 3255 boc
694 3189 765 3254 loco
795 3188 879 3254 enim
910 3211 1013 3254 sermo
1036 3200 1101 3268 est,
1127 3189 1166 3256 de

137 3305 207 3370 iure
237 3302 388 3389 quodam,
418 3301 504 3390 quod
534 3301 591 3366 sibi
621 3312 788 3390 arrogaret
811 3303 961 3381 Senatus;
986 3302 1018 3366 in
1042 3301 1167 3390 legibus

137 3413 326 3503 abrogandis
361 3425 471 3480 contra
501 3416 653 3493 Senatus,
681 3414 772 3480 sicuti
794 3424 925 3500 apparet
947 3437 986 3479 ex
1008 3434 1163 3495 nscoruo,

136 3526 206 3592 iure
224 3549 283 3591 suo
302 3525 459 3595 utebatur.
491 3525 577 3608 Quid
592 3526 713 3614 igitur?
737 3525 828 3596 Velle
843 3549 981 3596 snrvruu
999 3548 1165 3592 sunnrcruu

136 3647 173 3704 ut
201 3636 338 3703 libertini
367 3638 401 3704 in
428 3637 574 3705 tribubus
601 3648 808 3728 patronorum
839 3638 992 3725 suffragia
1020 3636 1163 3705 ferrent?

128 3814 131 3818 ι
170 3853 190 3920 1)
207 3855 354 3903 blouusuu.
373 3868 397 3917 p.
417 3857 458 3901 49.
477 3869 503 3902 n.
523 3857 555 3902 28
574 3852 591 3903 f.

167 3935 189 4003 a)
207 3939 225 3987 1,
245 3943 276 3989 27
298 3941 312 4002 ς
331 3944 345 3986 2
365 3938 391 3987 ff.
410 3935 543 4001 depactis.

169 4020 188 4090 ³)
206 4025 354 4074 Moturum.
372 4024 390 4072 1.
410 4023 428 4071 1.

169 4105 193 4173 ‘l
205 4108 272 4160 Aac.
290 4122 351 4158 uun.
370 4123 394 4172 p.
412 4121 455 4159 ou.
476 4109 518 4186 ⁵⁷?
