2910 4950
693 387 756 453 112

208 595 297 682 „soli
326 597 410 661 enim
440 597 606 661 Senatores
632 594 703 682 lege
725 593 765 659 de
787 592 910 667 ambitu
931 593 1136 673 tenebantur,
1160 615 1237 660 cum

209 711 257 791 „ii
287 719 410 774 tanturn
440 706 480 772 ad
509 706 659 794 petendos
684 705 885 794 magistratus
914 704 1115 771 accederent:
1145 729 1239 772 cum·

210 843 298 908 „que
328 819 468 885 damnati
497 830 528 884 et
557 817 699 884 ordinem
722 819 824 883 etius
846 816 1054 904 petendorum
1077 817 1236 886 honorum

210 943 328 1015 „antea
352 932 547 1009 amitterent,
572 929 678 995 Tullia
699 929 751 994 lex
773 954 794 994 x
818 952 976 996 annorum
999 931 1129 997 exilium
1148 929 1237 995 addi-

210 1042 296 1122 dit‚”
321 1041 406 1129 quod
429 1041 580 1108 docemur
603 1064 622 1107 a
644 1064 740 1106 nroua
763 1063 888 1106 osssroz
916 1041 942 1129 ¹)
968 1039 1053 1119 ἔδοξε
1075 1051 1114 1124 τῇ
1133 1042 1236 1124 βουλῇ

210 1155 287 1221 bina
310 1157 384 1220 ἐτῶν
403 1156 510 1238 &sylv
534 1193 579 1204 —
597 1162 662 1227 τοῖς
681 1154 845 1233 ἐπιτιμίοις
865 1161 928 1226 τοῖς
951 1153 1001 1218 ἐπὶ
1025 1154 1067 1233 τῷ
1086 1153 1235 1234 δεκιιτμῷ

210 1266 417 1345 τεταγμένοις
451 1267 731 1347 τροτιιμιθετιῑσιιι
755 1289 794 1331 ex
817 1265 931 1352 quibus
953 1263 1057 1329 verbis
1083 1286 1238 1351 apparere

211 1376 335 1442 videtur
366 1401 420 1444 nro
450 1377 527 1442 alias
557 1400 673 1463 poenas
703 1376 774 1465 lege
796 1377 901 1442 Tullia
923 1376 1117 1442 introductas
1138 1376 1236 1464 igno-

211 1511 305 1556 rasse.
366 1493 435 1577 lpse
455 1472 591 1556 ¹(trotino
631 1491 664 1554 in
705 1490 847 1555 oratione
884 1511 943 1577 pro
978 1512 1106 1554 unsrun
1142 1487 1239 1552 huius

212 1600 296 1665 exilii
319 1601 462 1666 meminit
483 1624 513 1668 v.
527 1625 570 1667 c.:
596 1599 676 1683 „sed
699 1600 775 1687 quid
797 1623 858 1688 ego
876 1611 1009 1665 matrem
1030 1608 1086 1664 aut
1104 1596 1237 1664 domum

213 1712 380 1799 „appello,
412 1735 507 1799 quem
530 1735 614 1777 nova
642 1734 744 1798 poena
773 1712 852 1799 legis
878 1723 910 1777 et
936 1711 1031 1777 domo
1052 1720 1084 1775 ct
1105 1719 1238 1797 parente

212 1835 269 1909 „et
295 1825 437 1889 omnium
463 1847 594 1890 suorum
614 1823 840 1888 consuetudine
860 1834 1091 1911 conspectuque
1110 1822 1237 1908 privat?

213 1935 293 2018 „ibit
316 1935 414 2025 igitur
436 1937 468 2001 in
492 1936 623 2002 exilium
648 1935 761 2000 miser”
787 1945 858 2002 cett.
885 1936 912 2025 ²)
959 1933 1133 2022 Explicatio
1160 1932 1238 2000 Tul·

213 2049 289 2113 liani
316 2048 377 2114 loci
401 2048 486 2135 apud
515 2071 697 2114 annuarum
726 2048 834 2113 multis
856 2069 932 2113 vera
954 2046 1079 2112 videtur
1086 2072 1094 2127 ;
1128 2056 1235 2112 tamen

213 2159 253 2225 ab
280 2160 425 2225 omnibus
455 2183 518 2225 non
545 2159 715 2246 accipitur,
744 2160 826 2225 inter
849 2183 927 2246 quos
949 2160 1042 2224 etiam
1067 2181 1237 2225 soccatu-

202 2295 291 2359 nrurr
325 2272 433 2351 video,
471 2272 498 2360 ³)
544 2271 598 2356 qui
632 2270 808 2349 contendit,
835 2270 863 2360 ⁴)
924 2271 1101 2352 „Patricius
1134 2271 1237 2336 teneri

212 2406 341 2470 „poena
374 2381 599 2448 interdictionis
628 2405 712 2467 aqua
741 2392 772 2447 ct
801 2382 884 2470 igni,
917 2382 1058 2448 Plebeios
1087 2404 1164 2447 vero
1186 2383 1236 2448 in·

211 2495 359 2560 famiae.''
386 2495 412 2584 ⁵)
463 2493 624 2558 Nesciebat
653 2493 770 2558 scilicet
792 2493 957 2559 discrimen
982 2495 1063 2560 inter
1084 2495 1236 2561 Patriclos

210 2616 242 2671 et
270 2605 411 2670 Plebeios
440 2605 591 2669 Romanis
621 2604 706 2670 illius
735 2604 884 2693 temporis
910 2606 975 2671 fere
1005 2628 1069 2671 esse
1093 2607 1236 2695 incogni-

211 2729 297 2796 tum,
321 2740 425 2803 neque
447 2739 590 2802 unquam
609 2716 676 2782 fieri
695 2720 831 2804 potuisse
853 2729 891 2783 ut
910 2740 1074 2784 crcnnorrs
1094 2730 1237 2805 tempore

210 2829 263 2894 lex
285 2827 349 2892 lata
371 2829 426 2907 sit,
451 2850 533 2913 quae
555 2828 732 2914 gratiorem
756 2828 789 2892 in
812 2827 936 2914 plebem
959 2850 1055 2915 quarn
1078 2829 1110 2892 in
1135 2830 1236 2893 Patri-

210 2942 273 3007 cios
296 2941 498 3007 constitueret
520 2962 664 3026 poenam.
712 2940 915 3028 Quamquam
933 2964 1101 3007 aouonnnn
1125 2940 1235 3008 admo·

209 3051 287 3118 dum
310 3066 456 3119 accurate
479 3052 560 3118 solet
581 3062 733 3117 annotare
755 3053 840 3119 unde
858 3054 984 3131 babeat,
1009 3077 1090 3140 quae
1113 3053 1237 3140 profert

209 3176 317 3231 nostro
338 3165 407 3230 loco
425 3164 590 3230 destitutus
610 3162 733 3230 videtur
756 3167 932 3232 testimonio
950 3165 1071 3232 idoneo.
1101 3165 1236 3234 Videtur

209 3371 431 3384 μ

244 3493 263 3560 ¹)
281 3495 333 3544 Dro
350 3505 460 3544 cnssms.
478 3492 623 3543 XXXVII.
643 3498 684 3543 29.

244 3576 336 3644 ²)C1c.
355 3595 379 3643 p.
398 3579 466 3628 Mur.
485 3583 526 3627 41.
547 3580 561 3642 ξ
579 3583 620 3628 89.
656 3579 812 3628 Memoratur
829 3577 877 3626 hoc
893 3585 967 3640 caput
984 3576 1047 3639 legis
1065 3576 1165 3627 Tulliae
1183 3591 1236 3628 sae·

208 3665 264 3729 pius
285 3678 386 3728 nempe:
404 3677 454 3713 crc.
473 3678 497 3727 p.
516 3663 556 3712 Pl.
575 3669 609 3712 34
629 3664 643 3726 5
663 3666 703 3712 83.
722 3662 807 3713 Schol.
826 3662 890 3710 Bob.
909 3661 941 3710 sd
959 3660 1003 3711 Or.
1022 3676 1045 3725 p.
1065 3662 1130 3713 Sull.
1148 3678 1173 3727 p.
1190 3676 1237 3714 orr·

209 3755 268 3800 ³62.
296 3749 351 3800 Cro.
367 3766 391 3814 p.
412 3749 480 3799 Mur.
499 3753 531 3797 23
552 3749 566 3810 §
585 3751 626 3797 47.
645 3753 675 3796 41
698 3748 772 3810 §⁸9-
790 3744 865 3795 ΠΟ.
883 3744 943 3793 l.l.·

243 3831 263 3895 ³)
281 3836 313 3884 In
337 3834 504 3898 disputatione
527 3832 594 3881 lund.
613 3846 636 3894 p.
657 3834 715 3879 430.

241 3917 262 3983 ⁴)
281 3921 441 3969 Boucuaun.
458 3931 499 3981 op.
517 3916 535 3964 l.
554 3919 614 3964 ⁴1³.

243 4000 263 4065 ⁵>
280 4004 462 4054 Posterioribns
488 4001 642 4065 temporibus
669 4013 714 4063 pro
739 3998 843 4049 diversis
869 3998 998 4048 ordinibus
1025 4011 1098 4062 saepe
1121 3996 1235 4047 diversas

208 4104 303 4152 poenae
320 4089 467 4139 constitutae
485 4092 565 4135 orant.
600 4085 667 4134 Vide
684 4099 709 4135 r.
720 4099 740 4133 c.
759 4096 856 4133 rernm
874 4084 945 4135 Sem.
963 4084 1021 4133 Boc.
1041 4084 1074 4132 V.
1094 4086 1125 4131 25
1147 4083 1161 4144 ξ
1180 4086 1202 4130 l.
