2910 4950
707 396 750 461 30

255 605 404 672 Homines
432 604 507 670 novi
533 603 566 669 in
589 603 773 689 quaestione
798 601 838 670 de
861 603 997 672 ambitus
1023 605 1152 675 historia
1174 632 1240 679 nou

210 729 285 785 suut
302 714 504 806 negligend13
530 713 652 781 faciunt
665 714 749 781 euim
766 724 936 802 utramque
952 718 1120 806 paginam,
1141 744 1244 808 quare

209 851 324 918 operae
346 829 484 916 pretium
499 825 624 892 videtur
646 824 755 912 paullo
778 827 932 914 copiosius
953 828 1029 897 h.1.
1058 830 1098 897 de
1119 833 1156 898 iis
1179 833 1241 902 dis-

210 952 325 1030 putare
346 940 386 1029 Ι).

253 1055 337 1119 Sunt
357 1051 500 1118 homines
523 1050 599 1117 novi
626 1070 763 1137 quorum
789 1060 953 1136 patentes,
985 1061 1081 1140 atque
1107 1056 1244 1125 maiores

209 1165 307 1231 nullis
330 1165 362 1230 in
391 1166 469 1250 llep.
501 1161 603 1228 functi
631 1173 707 1228 sunt
724 1161 912 1242 bonoribus,
945 1165 1064 1252 quique
1083 1166 1176 1252 primi
1200 1192 1242 1236 ex

210 1299 268 1344 sua
286 1275 406 1342 familis
427 1274 562 1341 honores
584 1275 720 1340 maiores
744 1285 820 1340 sunt
842 1274 963 1362 adepti,
991 1287 1029 1342 nt
1049 1278 1158 1345 scribit
1178 1303 1239 1346 sr-

210 1411 321 1454 rsssns
338 1387 365 1476 ²)
378 1409 386 1452 ε
399 1388 425 1451 oi
441 1388 502 1464 ἀφ’
521 1385 639 1450 ἑαυτῶν
655 1386 732 1450 ἀλλ’
743 1389 776 1451 οὐ
791 1391 851 1451 τῶν
867 1386 1022 1469 προγόνων
1037 1390 1181 1471 γνώριμοι
1197 1392 1239 1481 ⁸).

210 1499 314 1565 Homo
332 1521 425 1566 novus
449 1497 619 1584 opponitur
641 1497 739 1584 igitur
760 1498 854 1563 nobili
875 1520 905 1567 v.
921 1520 949 1566 c.
973 1499 1074 1586 „plus
1092 1501 1149 1567 tibi
1169 1504 1237 1569 oir-

210 1623 283 1695 „tus
305 1621 361 1676 tua
382 1608 483 1688 dedit,
516 1629 613 1695 quam
637 1606 765 1673 fortuna
787 1607 931 1689 abstulit,
963 1622 1129 1698 propterea
1152 1614 1240 1700 quod

210 1721 368 1809 „adeptus
385 1744 431 1800 es,
457 1720 542 1806 quod
561 1742 624 1784 non
641 1719 735 1784 multi
755 1721 889 1786 homines
906 1722 989 1800 novi,
1009 1725 1137 1790 amisisti
1156 1748 1239 1813 quae

210 1833 369 1919 „plurimi
391 1833 526 1898 domim
541 1829 737 1896 modissm'’
754 1830 795 1919 ⁴).
840 1831 987 1898 Plateia
1004 1855 1080 1900 vero
1098 1858 1163 1903 non
1182 1861 1239 1926 op-

210 1945 339 2030 ponitur
365 1944 472 2022 nobili,
505 1940 559 2007 sed
580 1942 725 2028 patricio.
773 1941 961 2008 Nobilissimi
983 1967 1075 2032 saepe
1097 1946 1240 2015 homines

209 2053 374 2134 dicuntur,
399 2054 454 2140 qui
476 2052 589 2140 plebeii
612 2061 719 2133 erant3
744 2076 785 2118 ex
801 2054 948 2142 gentibus
966 2055 1096 2142 plebeiis
1116 2058 1240 2126 multae

210 2177 301 2232 erant
328 2164 556 2244 nobilissimae,
591 2163 643 2253 (de
670 2187 734 2251 qua
762 2187 798 2231 re
826 2168 1058 2235 accuratissime
1085 2171 1237 2256 scriptum

210 2288 257 2344 est
278 2300 297 2342 a
315 2299 486 2343 summor.
507 2298 653 2341 nanuum
671 2276 717 2365 5);
742 2299 773 2343 v.
786 2300 815 2344 c.
835 2300 913 2366 gens
927 2279 1080 2345 Cornelia
1112 2283 1237 2349 Cassnn

211 2399 277 2455 tres
288 2399 398 2478 gentes
408 2387 617 2456 nobilissimus
627 2387 806 2468 Octaviam,
823 2388 1041 2476 Calpurniam.
1057 2399 1091 2456 et
1100 2392 1238 2462 Tulliam

210 2501 356 2589 patricias
375 2499 462 2581 fecit3
486 2509 578 2565 erant
594 2500 693 2589 igitur
710 2510 803 2566 antea
825 2500 965 2587 plebeiae
984 2501 1038 2568 sed
1055 2504 1176 2572 nobiles
1194 2506 1235 2594 1).

255 2615 406 2702 liugnam
424 2613 523 2701 igitur
544 2621 645 2700 potest
665 2611 860 2679 intercedere
884 2612 1051 2681 discrimen
1070 2615 1153 2683 inter
1176 2639 1239 2684 no-

212 2753 451 2773 ffl-

245 2825 266 2894 1)
283 2826 322 2879 cf.
339 2827 371 2878 de
389 2826 533 2877 bominibus
550 2826 623 2877 novis
643 2825 675 2888 Q.
694 2825 771 2878 nster
787 2827 820 2878 de
837 2835 888 2895 pet.
905 2829 1116 2895 consta-18.
1149 2831 1241 2884 Mmo·

210 2927 297 2965 asson
314 2913 371 2962 Liss
388 2911 524 2961 oteramo
541 2912 564 2961 1.
582 2926 607 2975 p.
629 2915 685 2961 136.
704 2919 772 2962 uota

246 2992 268 3064 2)
285 2996 355 3047 Aur.
373 2997 405 3045 B.
424 2993 453 3046 C.
469 2995 506 3044 11.
524 3009 549 3058 p.
568 2999 627 3044 428.

245 3077 267 3144 ³)
284 3083 449 3140 Bonosum,
475 3094 499 3143 p.
525 3084 585 3129 402.
610 3081 670 3130 dicit
693 3080 808 3132 homines
831 3097 909 3132 noros
934 3098 964 3134 eo
986 3090 1098 3149 tempore
1120 3099 1174 3137 esse
1196 3101 1238 3138 eos

211 3167 334 3234 plebeios,
353 3166 396 3229 qui
410 3164 489 3213 functi
505 3173 587 3214 essent
604 3165 734 3216 consulatu
751 3165 793 3216 sel
810 3167 937 3218 tribunstu
950 3169 1074 3230 militum,
1092 3173 1239 3234 maffl‘stratu

212 3254 337 3319 equitum,
355 3249 480 3300 aedilitate
495 3249 576 3299 curuli
593 3252 681 3315 etqui
698 3250 802 3301 fuissent
820 3266 853 3301 ex
867 3248 928 3300 XV
938 3252 998 3302 viris
1012 3254 1091 3305 sceris
1097 3256 1238 3322 faduntiis.

212 3335 380 3390 Prwtervldit
402 3343 504 3394 minen,
528 3331 583 3385 XV
600 3334 650 3384 viri
667 3335 743 3384 eserie
759 3333 883 3385 faciundis
899 3337 966 3400 quod
983 3345 1066 3388 essent
1082 3353 1115 3389 ex
1132 3351 1240 3406 quatuor

212 3420 326 3484 collegiis
348 3417 504 3469 sacerdotum
527 3417 700 3482 amplissimis,
720 3419 836 3483 quodque
853 3418 907 3468 Lx
922 3419 974 3470 sors
992 3427 1047 3486 post
1064 3436 1144 3473 annos
1161 3427 1240 3476 muci.

212 3512 269 3557 tum
291 3504 323 3554 sit
345 3503 401 3567 lego
423 3500 536 3565 Ogulnia
558 3509 587 3552 ut
608 3502 700 3566 plebeii
722 3503 860 3554 sacerdotia
878 3518 967 3568 cupere
990 3514 1090 3570 possent
1113 3523 1239 3575 »quorum

215 3586 557 3654 utplsbsiorumlhonoribns
569 3585 634 3636 nihil
651 3594 749 3651 prester
762 3588 911 3648 sacerdotia,
924 3602 990 3652 quse
1007 3591 1120 3642 nondum
1137 3597 1240 3658 promis·

213 3689 262 3725 cus
284 3671 513 3732 eraut,deesset·'
542 3668 695 3720 ΜΗ.
716 3670 748 3722 oi.
773 3675 797 3720 11.
821 3683 939 3721 ruem
962 3671 1239 3728 damastes.

213 3756 244 3810 C·
263 3761 322 3808 ³00.
706 3794 709 3799 .

247 3837 270 3906 ⁴)
286 3840 342 3892 cre.
360 3839 393 3889 so
409 3837 503 3889 samir.
521 3838 556 3888 v.
579 3842 619 3887 rs.

249 3923 269 3992 ⁵)
286 3927 319 3975 In
336 3931 470 3975 comment.
488 3922 521 3971 ad
535 3933 585 3972 cro.
602 3922 651 3987 Ep.
669 3920 702 3972 ad
718 3921 790 3973 Fam.
808 3922 831 3973 1.
852 3927 875 3975 1.
893 3938 918 3990 p.
936 3940 971 3976 m.
990 3931 1032 3977 91.

248 4007 269 4075 ὅ)
287 4009 320 4070 Q.
344 4008 482 4058 Pomms
505 4006 583 4055 homo
606 4014 661 4055 orat
683 4021 777 4069 novus,
800 4012 850 4060 cuc.
874 4025 898 4075 p.
923 4013 991 4062 Mur.
1019 4012 1065 4078 7)
1086 4017 1125 4062 16.
1152 4016 1238 4067 Vsnr..

214 4094 278 4146 Par.
297 4093 333 4143 11.
355 4096 376 4141 l.
410 4090 536 4141 nusum
552 4090 679 4155 Vortr'igs
696 4092 747 4142 ΠΙ.
764 4108 789 4158 p.
809 4097 850 4144 26.
868 4096 891 4145 Ι.
908 4111 933 4161 p.
953 4101 1011 4146 423.
1031 4097 1069 4148 ed.
1088 4113 1111 4146 s.
1134 4102 1207 4150 1821.
