2910 4950
755 401 819 468 102

278 608 371 690 „iam
404 615 478 672 ante
512 606 637 672 comitia
671 615 845 692 utrumque
879 608 1032 676 sustinere
1061 610 1174 695 possit,
1206 609 1304 674 immo

265 718 397 806 ·‚,psuoi
426 717 550 784 uuum'’
579 718 605 807 ¹)
641 701 768 806 (nempe
797 719 979 804 petitionem
1009 724 1178 788 conculcatus
1201 721 1229 808 ²)
1259 720 1305 786 di·

276 830 416 919 ligenter
448 830 604 896 adornare
633 841 664 896 et
694 833 924 900 accusationem
952 833 1003 899 vel
1021 833 1233 900 defensionem
1256 832 1306 898 in·

278 942 414 1032 struere)
449 955 534 1009 certe
564 962 681 1011 cronno
705 943 737 1010 id
758 967 822 1010 non
845 946 948 1031 potuit
970 947 1078 1032 paucis
1102 945 1211 1012 diebus
1233 953 1307 1010 ante

280 1054 487 1121 comitiasua
511 1054 553 1142 ³).
599 1054 724 1121 Fecitne
755 1076 872 1120 crosno
903 1066 973 1142 post
1002 1056 1127 1122 comitia
1156 1077 1215 1122 sua
1236 1054 1257 1121 i.
1278 1077 1306 1122 e.

281 1176 450 1254 postquam
479 1166 537 1231 sibi
567 1189 676 1233 eninr
704 1167 881 1233 amicorum
903 1168 1063 1255 suffragiis
1079 1191 1149 1232 -non
1172 1166 1310 1253 amplius

280 1301 361 1365 opus
383 1279 474 1343 erat?
522 1279 583 1346 vix
602 1279 696 1345 credo
715 1289 747 1345 et
765 1290 924 1366 pugnaret
941 1279 1003 1345 hoo
1021 1280 1115 1344 etiam
1133 1277 1308 1343 vehemen-

279 1389 397 1472 tissime
427 1411 501 1455 cum
530 1391 569 1471 Q.
595 1389 700 1457 fratris
727 1392 904 1456 testimonio
927 1390 949 1460 l.
966 1391 988 1458 l.
1034 1391 1096 1457 Sed
1125 1390 1306 1469 videamus,

181 1577 185 1586 ⁸
279 1501 475 1590 possimusne
498 1501 536 1582 Q.
561 1500 692 1568 fratrem
715 1525 788 1570 oum
809 1525 959 1581 Asconio,
988 1526 1126 1590 cumque
1149 1503 1211 1570 illis
1232 1503 1310 1570 viris

280 1611 380 1679 doctis
401 1613 435 1679 in
458 1612 659 1679 concordiam
682 1614 845 1683 reducere.

220 1790 224 1800 .
327 1724 366 1805 Q.
399 1746 532 1791 omnus
561 1736 688 1812 praetor
717 1725 778 1792 fuit
807 1750 836 1794 a.
867 1748 902 1795 u.
929 1749 957 1792 c.
982 1727 1057 1793 689.
1082 1748 1111 1793 a.
1131 1727 1164 1794 C.
1191 1725 1250 1791 65:
1275 1725 1310 1791 in

280 1836 430 1922 petitione
456 1847 625 1924 praeturae
651 1837 736 1904 dedit
765 1837 1007 1926 gladiatorium,
1031 1838 1090 1905 sub
1113 1837 1205 1905 titulo
1228 1837 1312 1924 patri

280 1969 314 2017 sc
336 1949 369 2015 id
391 1948 477 2017 dare.
549 2016 551 2020 ,

331 2062 466 2131 Veniam
496 2071 569 2149 peto
596 2063 622 2128 si
652 2085 721 2129 rem
750 2061 899 2149 pusillum
930 2061 1059 2128 fortasse
1085 2062 1180 2128 tantis
1208 2060 1313 2128 verbis

214 2202 216 2205 ¹
283 2181 434 2254 tractem3
471 2174 620 2261 quodque
646 2193 683 2240 ut
707 2176 808 2240 estin
831 2174 1011 2261 proverbio:
1042 2174 1157 2240 fluctus
1178 2173 1314 2242 excitem

283 2285 318 2353 iu
340 2285 495 2371 simpulo,
530 2285 585 2350 sed
606 2285 751 2351 indicabo
774 2308 871 2373 quam
893 2285 989 2351 breve
1010 2286 1078 2351 lieri
1101 2286 1197 2372 possit
1218 2306 1313 2350 usco·

285 2419 366 2463 nrum
395 2396 463 2463 falli
487 2396 520 2462 in
551 2397 680 2463 nomine
709 2422 740 2474 o.
764 2420 890 2477 aaron,
921 2397 1016 2483 idque
1037 2422 1077 2464 ex
1098 2399 1166 2484 ipso
1188 2419 1315 2463 ascerus

286 2507 369 2575 loco.
400 2507 542 2572 Habetur
562 2506 617 2570 illa
638 2508 737 2573 oratio
755 2509 788 2573 in
804 2519 879 2596 toga
902 2507 1035 2573 candida
1058 2521 1167 2574 eontra
1189 2530 1315 2573 cursur-

287 2640 356 2685 ιιιιι
387 2626 419 2681 et
449 2600 624 2683 snronruu.
671 2638 789 2683 cronno
819 2627 856 2683 ut
881 2615 973 2695 solet,
1003 2617 1103 2704 magis
1130 2641 1226 2704 quam
1257 2640 1316 2706 par

290 2737 338 2793 est
355 2728 388 2792 in
408 2727 603 2794 adversarios
621 2729 790 2798 invehitur.
814 2729 941 2813 ,‚dlter‚
961 2728 1051 2809 dicit,
1075 2729 1142 2819 (ait)
1163 2753 1196 2797 se
1214 2753 1317 2817 quum

203 2823 207 2832 ⁴
289 2839 406 2924 ‚,velit,
444 2839 547 2906 subito
576 2841 784 2930 fugitivorum
810 2841 930 2908 bellum
953 2841 1198 2910 excitaturum.''
1244 2844 1317 2908 An-

290 2961 407 3035 „notat
438 2975 603 3021 Asconius:
640 2954 668 3043 ⁶)
713 2976 742 3021 c.
774 2978 939 3023 srronruu
973 2954 1166 3044 eyniflcas?
1223 2956 1318 3023 Nunc
1411 3040 1419 3053 δ

291 3085 409 3131 crosno
438 3065 521 3133 idem
552 3067 618 3133 fere
648 3068 767 3133 crimen
793 3069 826 3134 in
856 3090 1032 3134 csrrnrnsu
1059 3070 1154 3133 iactat
1174 3066 1223 3133 his
1244 3090 1318 3135 ver·

291 3174 354 3241 bis:
413 3179 529 3261 „Alter
561 3178 687 3245 induxit
720 3202 812 3259 eum,
847 3203 943 3266 quem
976 3181 1094 3267 potuit,
1122 3189 1159 3245 ut
1186 3191 1319 3265 repente

292 3286 511 3376 „gladiatores
540 3289 660 3377 populo
688 3313 753 3357 non
781 3290 901 3358 debitos
918 3291 1138 3379 polliceretur;
1170 3313 1224 3358 eos
1252 3292 1320 3380 ipse

288 3509 496 3522 ,ᾑ-

329 3666 350 3731 ¹)
368 3666 423 3720 Cic.
441 3687 464 3735 p.
483 3673 550 3723 Mur.
571 3679 612 3725 22.
630 3676 643 3742 ᾗ
661 3680 703 3727 tt.

330 3748 351 3817 ²)
370 3753 446 3816 [Voc.
460 3756 598 3808 cumulatus
613 3761 639 3810 h.
652 3761 670 3810 l.
690 3760 826 3812 delendum
843 3766 888 3812 est.
905 3762 1031 3828 Loquitur
1047 3775 1142 3814 mosao
1159 3765 1185 3815 in
1203 3767 1322 3818 universo

295 3835 327 3884 de
341 3838 481 3903 petitione]

332 3919 352 3986 ⁵)
370 3923 408 3973 cf.
424 3941 509 3988 pono,
527 3943 592 3992 quoe
609 3929 640 3980 de
655 3931 774 3994 petitione
791 3931 924 3982 aedilitatis
939 3940 965 3985 et
980 3949 1074 3987 murs
1091 3935 1246 3987 accusatione
1262 3949 1321 4001 que

297 4005 360 4057 ritur
377 4022 494 4060 rumine.
521 4014 595 4062 Verr.
614 4013 635 4062 I.
656 4017 679 4062 9.
700 4016 714 4076 §
733 4019 765 4062 24
784 4029 821 4079 sq.

331 4088 352 4162 ⁴)
370 4093 434 4145 Asc.
452 4097 519 4160 apud
535 4110 631 4147 onnon.
648 4112 673 4162 p.
692 4101 735 4150 68.
752 4107 770 4150 t
790 4101 824 4152 V.
843 4116 867 4165 p.
886 4107 910 4152 fl.
