2910 4950
701 406 764 472 108

219 610 259 679 de
282 611 420 701 legibus,
445 612 489 678 sic
511 611 617 679 scribit
638 613 685 703 ¹):
711 613 860 696 „tertie-m
881 635 983 702 genus
1004 625 1051 680 est
1072 614 1112 681 de
1134 615 1245 707 legum

219 724 517 813 „derogationibus3
550 748 614 813 quo
639 725 678 791 de
700 748 818 815 genere
840 748 989 814 persaepe
1011 729 1084 792 Scia
1105 727 1188 795 fiunt
1209 742 1248 797 ut

218 860 349 924 „nuper
381 837 420 904 de
454 839 520 925 ipsa
550 837 620 926 lege
654 838 824 925 Calpurnia
858 839 910 903 cui
943 837 1174 926 derogaretur”
1202 841 1245 929 ²).

217 949 368 1014 Relatum
397 949 436 1016 de
461 973 499 1015 ee
521 973 557 1015 re
579 950 746 1039 igiturest
768 949 807 1015 ad
831 951 983 1015 Senatum
1006 973 1034 1016 a.
1059 973 1090 1017 u.
1112 974 1140 1018 c.
1166 953 1245 1022 689.

217 1082 246 1129 a.
271 1060 307 1128 C.
330 1060 382 1129 65.
429 1062 523 1127 Anno
554 1084 629 1128 vero
658 1063 800 1150 sequenti
822 1062 874 1127 lex
896 1085 961 1127 non
986 1062 1095 1127 mitior
1117 1061 1245 1129 fereba-

217 1184 288 1255 tur,
320 1174 374 1240 sed
401 1174 486 1262 quod
510 1176 542 1240 in
566 1173 630 1241 dies
650 1174 776 1241 licentia
797 1175 934 1241 ambitus
957 1184 1131 1263 augeretur
1152 1197 1245 1240 sena·

215 1293 267 1350 tus
297 1292 479 1363 censuerat,
516 1293 553 1349 ut
582 1283 634 1350 lex
665 1283 801 1351 ambitus
827 1297 917 1361 aucta
942 1285 1035 1350 etiam
1056 1307 1124 1350 cum
1138 1307 1247 1371 poena

215 1397 353 1462 ferretur
380 1420 409 1464 a.
434 1420 466 1465 u.
491 1420 519 1465 c.
545 1398 620 1464 690.
653 1419 682 1464 a.
706 1398 739 1463 C.
766 1397 818 1464 et.
854 1419 936 1484 quae
967 1407 1072 1462 tamen
1101 1418 1166 1462 uon
1197 1407 1247 1463 est

215 1508 336 1595 perlata
361 1507 573 1575 intercedente
596 1533 626 1588 o.
651 1530 752 1574 nocio
776 1530 930 1575 osssrmo
956 1517 996 1574 tr.
1015 1507 1059 1594 pl.
1083 1509 1124 1596 ⁸).
1172 1509 1247 1577 Post

249 1659 269 1728 ¹)
288 1662 352 1712 Asc.
369 1663 437 1726 apud
454 1676 497 1712 on.
516 1677 540 1726 p.
560 1662 602 1720 67,
622 1664 663 1710 68.

248 1741 269 1810 ²)
288 1745 364 1810 [Dele
381 1760 435 1796 roe.
454 1743 494 1793 eui
509 1743 668 1809 deroparctur
686 1751 711 1795 et
728 1758 795 1795 voec.
813 1751 839 1792 at
856 1743 1037 1810 abrepereatar.
1055 1743 1223 1810 1616667]

248 1826 268 1894 ³)
287 1830 351 1879 Asc.
374 1845 436 1879 rso.
460 1830 527 1894 apud
550 1844 645 1880 curus.
670 1844 694 1893 p.
719 1833 767 1889 88,
792 1833 839 1888 85,
858 1833 899 1878 88.
935 1829 1106 1878 Anneiandus
1124 1835 1162 1878 est
1179 1830 1206 1879 h.
1224 1829 1243 1880 l.

213 1929 283 1966 error
307 1929 449 1965 ouuutsur
473 1915 518 1980 qni
544 1916 575 1965 de
602 1914 678 1976 Scto,
705 1915 746 1964 eni
771 1914 909 1963 intercessit
932 1929 956 1970 o.
976 1927 1074 1963 uuc1us
1091 1915 1126 1964 sic
1143 1915 1243 1966 scribit:

213 1999 246 2048 T.
264 2000 299 2050 V.
317 2014 341 2063 p.
361 2005 420 2049 420.
458 1999 530 2049 uDer
554 1999 652 2048 Cibibun
676 2013 701 2055 Q.
725 2012 823 2048 teucrus
840 2010 982 2047 orassemus
1000 1997 1170 2061 verpfliehtete
1188 1998 1243 2048 sich

214 2083 311 2133 adureh
325 2085 412 2133 seinen
427 2084 568 2148 Einspruch
581 2084 622 2133 die
631 2082 809 2133 verbundeten
820 2072 870 2131 ιὀιι
880 2081 993 2130 welchen
1003 2096 1031 2131 er
1039 2096 1181 2145 gewonuen
1190 2097 1243 2132 war

214 2170 287 2218 nund
303 2168 371 2219 diese
388 2168 457 2219 nicht
473 2169 578 2218 allein.”
611 2168 713 2218 Laudat
735 2167 768 2216 od
790 2167 855 2216 hunc
872 2166 1023 2215 seutentiam
1042 2166 1242 2217 confirmandam

212 2263 345 2301 recentum
369 2253 400 2301 iis
420 2252 494 2312 loeis,
515 2267 578 2317 quos
599 2266 647 2316 ego
666 2266 766 2316 quoque
788 2251 862 2300 anuli
885 2251 929 2299 sed
950 2250 1018 2299 addit
1035 2251 1098 2299 alios
1119 2265 1153 2301 ex
1170 2251 1242 2303 Orat.

211 2349 236 2398 p.
255 2335 323 2384 Mur.
343 2338 374 2383 26
395 2336 410 2398 6
428 2339 469 2385 54.
494 2340 528 2384 84
553 2337 568 2399 6
594 2338 625 2386 70
649 2335 690 2385 vel
714 2340 753 2384 71.
772 2335 846 2399 idque
864 2333 933 2384 salse.
970 2335 1044 2383 Prior
1061 2335 1129 2385 locus
1147 2336 1241 2386 intelli·

211 2421 308 2484 gendm
331 2427 368 2471 est
390 2421 421 2470 de
444 2421 504 2471 Scto
521 2421 599 2480 facto,
617 2420 740 2471 referente
757 2435 900 2481 cicerem
919 2428 947 2471 ut
964 2431 1067 2484 apparet
1084 2436 1118 2471 ex
1135 2429 1197 2472 oret
1216 2438 1241 2488 p.

211 2507 280 2557 Mur.
300 2512 315 2555 8
339 2507 385 2570 68
403 2521 459 2570 eq„
483 2522 543 2556 nem
565 2519 633 2556 cero
656 2520 731 2569 aegre
750 2505 845 2556 ferebat
866 2507 936 2571 quod
958 2507 1046 2556 consul
1064 2516 1089 2556 et
1105 2507 1168 2571 legis
1187 2523 1240 2561 am·

211 2591 278 2640 bitus
295 2590 374 2649 lator,
392 2605 493 2640 causam
514 2605 644 2640 urrunnu
661 2592 802 2654 attingeret.
836 2591 919 2641 Nemo
938 2590 1012 2641 facile
1029 2590 1056 2640 iu
1074 2591 1186 2641 animum
1204 2593 1240 2642 iu·

211 2675 285 2726 ducet
310 2690 435 2726 etronru
462 2676 580 2726 obiecisse
607 2690 729 2727 merrom
753 2676 847 2741 aliquid
869 2678 901 2726 de
924 2676 1093 2727 intercedente
1113 2692 1137 2734 o.
1156 2691 1241 2728 mucro

211 2776 280 2812 auno
293 2762 432 2826 superiore,
444 2761 503 2812 Scto
517 2768 605 2811 eontra
613 2776 750 2811 nsromuu
759 2770 784 2811 et
793 2774 949 2821 cammaro
961 2777 1021 2811 nam
1036 2762 1060 2811 ei
1069 2761 1129 2812 Scto
1143 2775 1239 2813 oceno

211 2847 267 2912 ipse
285 2846 384 2897 favebat
401 2854 430 2897 ut
446 2855 549 2912 apparet
566 2861 600 2897 ex
617 2860 735 2897 aeconio.
768 2847 842 2908 Quod
859 2848 892 2896 ed
905 2847 1014 2897 alterum
1029 2846 1113 2897 locum
1127 2860 1161 2896 ex
1174 2855 1238 2898 orat.

210 2947 235 2998 p
253 2933 322 2982 Mur.
341 2938 375 2983 84
394 2934 409 2996 6
424 2937 469 2994 70,
490 2935 529 2983 71.
554 2947 636 2998 neque
653 2933 721 2983 hune
743 2933 867 2996 pertinere
886 2932 920 2980 ud
936 2932 1025 2982 Setum
1042 2932 1083 2982 cui
1100 2933 1238 2984 intercessit

209 3031 351 3078 61406108
369 3019 447 3069 ‘facile
473 3019 639 3070 demonstrari
665 3024 752 3082 potest
783 3015 872 3067 Setum
898 3017 990 3066 factum
1014 3023 1050 3065 est
1073 3030 1238 3068 merismu

210 3104 312 3154 consule
328 3105 355 3167 (i.
364 3119 386 3155 e.
402 3120 424 3153 e.
435 3120 459 3153 u.
470 3121 491 3154 c.
507 3108 566 3153 690.
585 3119 607 3152 a
618 3101 646 3153 C.
657 3106 699 3150 64.
716 3116 794 3165 quum
808 3114 903 3150 mosao
920 3100 1027 3165 petebat)
1042 3101 1127 3150 invitis
1141 3103 1238 3151 tenuio-

209 3187 292 3236 ribus:
316 3194 342 3237 at
364 3185 403 3235 ilii
424 3187 484 3236 Scto
508 3202 559 3236 non
583 3185 721 3235 intercessit
737 3200 761 3242 o.
780 3198 890 3245 numus,
909 3200 969 3234 nam
980 3184 1082 3249 sactum
1099 3193 1150 3242 ert,·
1168 3188 1237 3251 quod

210 3271 281 3336 plebs
304 3271 395 3320 idcirco
417 3284 492 3333 aegre
515 3270 601 3319 tulisse
622 3270 699 3319 fertur
721 3285 738 3320 a
754 3282 898 3328 monnone,
915 3269 982 3333 quod
999 3269 1081 3316 officia
1097 3271 1238 3322 candidatis

209 3357 319 3405 tribuere
337 3354 409 3404 nulla
425 3361 514 3419 posset.
550 3355 622 3415 Quae
638 3362 808 3404 memorantur
827 3356 842 3417 6
862 3358 902 3403 ta.
925 3359 1067 3417 :quantum
1085 3353 1134 3403 hae
1150 3370 1237 3419 quaes

212 3441 311 3489 ntiones
334 3438 361 3487 in
382 3448 470 3488 senatu
494 3440 594 3490 habitae
610 3448 759 3505 punctorum
779 3439 943 3489 nobiseum
960 3439 1138 3488 detraxerint''
1161 3443 1236 3505 perti-

210 3530 273 3574 ueut
290 3525 322 3573 ed
339 3532 413 3588 eaput
430 3524 555 3590 quoddam
573 3540 607 3576 ex
623 3527 680 3588 lege
694 3525 794 3584 Tullia,
815 3539 866 3587 quo
883 3524 1028 3583 carebertum
1049 3538 1101 3573 aue
1119 3527 1175 3590 quis
1192 3527 1235 3577 tri·

212 3608 313 3658 :batim
336 3609 477 3672 spectacula
501 3610 571 3659 duret
597 3617 622 3659 et
644 3609 676 3658 ad
697 3609 831 3673 prandium
852 3607 931 3671 vulgo
954 3613 1079 3659 vocaret.”
1112 3611 1235 3661 Detrexe·

209 3699 269 3742 runt
296 3706 339 3742 eee
365 3694 522 3757 quaestiones
548 3694 628 3744 mults
653 3701 746 3759 puncta
768 3690 834 3739 notia
854 3692 942 3743 scribit
958 3706 1054 3743 cresso
1072 3694 1089 3743 i.
1105 3708 1128 3743 e.
1145 3707 1235 3744 causae

208 3790 302 3829 sssvu.
339 3778 413 3839 Quod
437 3779 530 3843 duplici
552 3787 701 3843 argumento
722 3779 911 3830 demonstrabo:
938 3775 1049 3844 primu'm
1074 3787 1170 3829 certum
1196 3785 1236 3828 est

208 3876 360 3913 messenen
378 3863 467 3915 favisse
484 3877 571 3915 servu
587 3865 699 3929 petitioni
716 3878 766 3914 erc.
784 3880 808 3929 p.
823 3864 890 3915 Mur.
910 3865 993 3930 867,
1010 3871 1033 3914 8.
1049 3878 1151 3922 eumer.
1166 3863 1190 3913 1.
1200 3862 1233 3914 0.

210 3947 259 3996 x1.
281 3952 291 3996 1
311 3948 324 4012 6
342 3952 389 4006 68;
407 3950 527 3998 secundo:
551 3949 649 4013 caepim
672 3947 737 3997 notis
760 3949 795 3999 ita
814 3950 907 4014 legitur
930 3950 997 4015 apud
1014 3962 1064 3999 cte.
1082 3950 1114 3998 de
1131 3962 1231 4007 mussa,

207 4032 249 4082 cui
267 4032 319 4096 ipse
336 4032 410 4093 favit,
429 4034 470 4084 vel
486 4034 577 4083 dereo
593 4034 667 4084 etde
684 4048 710 4084 se
728 4034 925 4097 defensaretur.
942 4051 966 4100 p.
982 4034 1039 4084 Mil.
1055 4032 1144 4097 468,
1160 4039 1175 4080 4
1191 4035 1232 4092 ,6.

209 4133 234 4182 p.
251 4119 319 4169 Mur.
338 4123 353 4168 e
371 4118 385 4184 6
403 4123 444 4169 21.
466 4123 496 4169 rs
514 4120 528 4185 6
544 4124 586 4168 ee.
