2910 4950
644 424 687 493 83

152 633 185 700 in
214 633 355 715 comitiam
387 632 442 700 sed
468 642 597 699 cautum
624 618 692 698 erint
720 644 761 698 ne
790 635 1038 702 committeretur
1067 635 1171 716 fmus,

151 769 269 835 magna
295 746 461 812 hominum
491 746 735 833 congregatione
763 745 849 832 apud
876 747 976 814 cister.
1023 749 1088 814 Nee
1112 749 1173 814 ad·

150 858 303 923 mittenda
332 857 456 923 videtur
484 856 584 921 altera
610 880 712 923 nrmn
738 857 844 943 opinio
864 855 892 944 ¹)
922 860 1060 944 putantis
1088 858 1172 924 hano

149 969 280 1035 demum
304 968 398 1034 fuisse
420 969 507 1033 illam
531 967 722 1035 ordinariam
745 968 784 1034 de
807 969 927 1034 ambitu
945 971 1171 1056 quaestionem.

149 1081 248 1144 Cuius
270 1080 315 1144 rei
338 1079 414 1144 haec
437 1079 528 1143 affert
551 1090 755 1167 argumenta:

196 1193 318 1269 Primo,
350 1189 435 1277 quod
463 1192 582 1259 mirum
611 1192 670 1257 sibi
698 1190 820 1257 accidat
847 1190 895 1257 nil
924 1189 1012 1256 aliud
1040 1216 1106 1257 esse
1136 1214 1173 1259 ea

149 1300 222 1390 lege
244 1310 407 1368 statutum.

196 1415 356 1493 Secundo,
381 1413 467 1500 quod
486 1414 589 1479 statim
608 1411 778 1500 posthanc
796 1412 899 1502 legem
918 1413 1037 1479 mentio
1050 1412 1106 1478 fiat
1124 1413 1173 1479 iu·

152 1524 307 1590 diciorum
331 1524 370 1590 de
393 1524 523 1592 ambitu.

197 1636 291 1718 Quod
312 1636 352 1702 od
375 1638 527 1722 primum,
551 1635 664 1704 exinde
679 1637 726 1703 nil
739 1635 947 1703 demonstrari
963 1646 1077 1723 potest,
1096 1659 1173 1706 nam

152 1747 218 1815 alto
240 1759 429 1836 premuntur
451 1748 529 1814 haec
551 1759 717 1815 auctorum
737 1748 939 1815 classicorum
958 1749 1098 1828 silentio,
1119 1749 1174 1817 de·

152 1859 327 1927 ficientibus
349 1861 492 1927 omnium
515 1860 699 1926 testimoniis
719 1870 751 1925 et
771 1860 893 1925 indiciis
914 1861 974 1925 nisi
992 1860 1078 1946 quod
1100 1883 1175 1925 nnn·

152 1993 298 2038 nnncnns
319 1971 394 2037 dicit
413 1971 516 2058 legem
539 1971 633 2037 fuisse
651 1972 719 2051 περὶ
741 1971 945 2053 ψηφοφορίας
966 1971 1064 2058 (quod
1080 1971 1176 2060 longe

152 2083 242 2149 aliud
264 2083 357 2168 quid,
389 2073 487 2169 qnam
514 2081 567 2149 lex
595 2083 635 2148 de
656 2082 777 2147 ambitu
799 2082 926 2168 proprie
948 2080 1043 2167 dieto)
1075 2082 1177 2167 quod·

154 2216 218 2282 qne
235 2215 352 2260 cronno
372 2215 430 2280 per
447 2217 534 2259 voco
551 2193 629 2276 „lex
643 2195 740 2259 Maria
754 2205 864 2280 pontes
875 2203 1026 2281 angustos
1038 2192 1132 2258 fecit”
1144 2193 1172 2282 ²)

135 2308 307 2372 -enuntiat
352 2306 438 2393 [Erat
460 2306 559 2393 igitur
580 2305 620 2371 de
643 2305 738 2371 modo
759 2306 904 2394 suffragii
926 2304 1073 2393 ferendi].
1169 2294 1172 2298 ⁵

87 2501 90 2505 .
198 2415 293 2497 Quod
322 2414 363 2480 ed
392 2417 567 2482 secundnm
593 2418 722 2496 attinet,
753 2440 818 2483 non
846 2426 947 2503 potest
971 2414 1085 2502 aliquis
1106 2416 1177 2482 iure

153 2527 307 2594 conficere
334 2527 441 2616 legem
468 2527 565 2595 latam
596 2553 662 2596 esee
691 2520 744 2595 de
758 2528 881 2594 iudiciis
910 2527 950 2593 de
972 2527 1094 2593 ambitu
1116 2527 1177 2594 hoe

151 2648 343 2727 argumento
365 2638 451 2726 quod
473 2663 510 2706 eo
528 2650 683 2729 tempore,
707 2640 747 2706 de
765 2663 852 2706 earo
868 2638 964 2705 fuerit
979 2639 1174 2725 quaesitum,

152 2770 229 2817 nam
259 2749 412 2818 eodem
403 2773 473 2816 mre
506 2761 584 2819 tune
615 2752 677 2819 hoe
710 2774 837 2838 quoque
870 2751 966 2817 stetui
1002 2759 1105 2839 posset
1137 2750 1176 2818 de

153 2859 408 2938 damnationeo.
432 2882 562 2927 cononn
582 2862 622 2949 ί).

573 3098 758 3111 ..ι-*-

536 3263 716 3329 CAPUT
745 3263 794 3326 II.

241 3416 260 3452 n
278 3414 445 3454 rmomnns
460 3413 601 3462 suminis,
618 3414 703 3459 nsorn
719 3414 757 3452 ro
773 3414 953 3455 rmncmrmr
969 3416 1090 3458 menen.

429 3497 466 3535 nn
483 3499 510 3536 n.
528 3498 551 3536 o.
568 3499 595 3536 n.
610 3487 739 3534 673-1.
757 3499 784 3535 n.
800 3498 824 3539 o.
842 3490 899 3537 724.

199 3649 351 3719 Venimus
380 3647 421 3713 ad
450 3671 487 3714 ea
513 3658 657 3735 tempora
684 3645 724 3714 de
751 3648 865 3734 quibus
895 3651 1054 3735 permulta
1076 3676 1176 3740 eaque

155 3762 287 3827 meliora
309 3771 453 3826 veterum
476 3762 651 3827 testimonia
673 3759 713 3825 ad
732 3782 789 3826 nos
811 3771 1034 3846 pervenerunt.
1070 3765 1107 3828 ln
1130 3764 1178 3830 his

190 3950 209 4018 ¹)
226 3955 300 4004 Idem
311 3952 378 4018 quod
388 3963 492 4002 numme
505 3949 603 4010 scribit,
617 3951 695 4002 ettam
703 3948 780 4001 hebet
793 3962 938 4001 noventur)
948 3949 1011 4015 disp.
1021 3948 1038 4000 l.
1048 3964 1073 4016 p.
1082 3955 1133 4003 407
1140 3967 1177 4018 sq·

189 4033 211 4103 ²)
227 4037 282 4089 erc.
301 4039 332 4087 do
350 4038 430 4101 Legg.
448 4035 500 4085 111.
522 4036 561 4085 17.
581 4034 596 4098 5
614 4040 655 4086 88.

192 4117 296 4187 5111110
314 4136 389 4187 supro
405 4136 429 4186 μ
447 4123 490 4169 67.

997 4210 1044 4274 6'
