2910 4950
702 424 744 490 99

209 609 250 677 ad
283 634 384 678 unum
415 633 524 677 omnes
553 608 692 698 praemia
719 608 756 674 iis
785 607 968 676 adscribunt
993 633 1032 676 ex
1061 611 1133 701 lege
1158 611 1235 680 Cal·

209 724 324 810 purnia
345 723 385 811 ¹).

254 833 349 916 Quod
372 833 469 898 fuerit
490 834 669 919 praemium
691 855 817 900 ιοιιιιο
836 843 868 898 et
889 856 1015 898 cuens:
1038 837 1233 920 accusatori·

209 944 268 1010 bus
291 968 475 1010 concessum
500 944 616 1032 legitur
638 944 723 1030 apud
746 967 928 1010 cicsnonnn
950 944 996 1035 ²):
1029 946 1140 1033 „quod
1163 948 1232 1014 fue-

209 1058 303 1141 „rint
318 1059 349 1122 in
369 1059 530 1144 integrum
544 1056 696 1136 restituti,
713 1078 782 1121 eam
802 1056 842 1122 ob
858 1079 1002 1135 causam,
1023 1056 1108 1144 quod
1124 1080 1232 1145 repre·

210 1169 413 1253 „hendissent
424 1169 502 1234 alios
512 1169 544 1233 in
557 1168 667 1233 eodem
679 1190 795 1256 genere
807 1170 840 1233 in
852 1192 917 1255 quo
927 1170 985 1254 ipsi
997 1169 1230 1237 offendissent.”

254 1280 376 1367 Operae
399 1281 535 1366 pretium
558 1290 605 1344 est
627 1279 733 1343 videre
755 1278 831 1365 quid
853 1302 930 1343 nem
948 1279 1106 1364 scripserit
1123 1278 1161 1344 de
1184 1280 1232 1345 his

207 1392 340 1458 iudiciis.
387 1394 558 1456 Damnatus
576 1413 642 1454 esse
660 1412 811 1454 commun
830 1398 862 1455 et
878 1413 1010 1455 unsrun
1025 1413 1053 1457 a.
1067 1414 1100 1458 u.
1114 1392 1232 1459 0:680.

210 1526 239 1571 a.
259 1504 292 1569 C.
315 1504 368 1568 74.
390 1502 476 1568 ultro
498 1501 593 1589 idque
610 1500 657 1566 bis
673 1500 790 1567 fatetur
803 1499 843 1590 ⁸).
889 1502 1036 1568 Attamen
1054 1501 1081 1591 ⁴)
1104 1527 1143 1569 ex
1162 1503 1233 1570 loco

209 1613 415 1680 Cluentianae
437 1613 562 1679 conficit
584 1614 724 1700 praemia
747 1613 980 1679 accusatoribus
996 1613 1090 1680 fuisse
1111 1612 1185 1680 data
1202 1614 1229 1701 ⁵)

208 1749 248 1793 ex
271 1724 343 1815 lege
365 1725 537 1813 Calpurnia
553 1725 618 1792 late
636 1748 665 1793 a.
685 1747 718 1793 u.
739 1747 767 1792 c.
793 1725 868 1792 687.
893 1748 923 1792 a.
947 1727 979 1793 C.
1005 1727 1059 1793 67.

685 1927 700 2008 §
726 1927 756 1992 4.

437 2081 499 2144 Rei
521 2081 650 2146 ambitus
672 2102 711 2146 ee
734 2081 800 2165 lepe
816 2058 1003 2167 Όαὶριινηία.

253 2284 278 2348 1.
315 2282 349 2348 L.
374 2302 603 2347 nuncupemus.

253 2391 318 2455 Cur
347 2406 421 2456 enm
452 2412 544 2454 reum
573 2399 682 2476 putem
713 2413 753 2455 ex
775 2389 846 2477 lege
865 2389 1037 2476 Calpurnia
1058 2391 1167 2477 paucis
1189 2403 1236 2459 est

159 2538 166 2548 ·
209 2500 392 2580 dicendum,
428 2498 595 2589 postquam
625 2501 759 2566 dixerim
793 2501 870 2566 mihi
899 2501 1003 2566 adhuc
1032 2504 1235 2590 perspicuum

128 2663 132 2671 .
209 2611 353 2679 nondum
380 2633 446 2676 esse
473 2634 532 2676 cur
561 2633 714 2676 usicnnus
735 2609 762 2700 ⁰)
791 2634 865 2676 eum
888 2634 1056 2678 cicnnoms
1078 2614 1236 2703 collegam

208 2725 242 2790 in
277 2732 448 2810 quaestura
479 2723 661 2787 nominarit.
707 2723 738 2786 Is
771 2723 855 2786 enim
891 2745 1068 2790 suunoums
1102 2736 1171 2789 erat
1199 2735 1237 2791 ut

210 2845 343 2922 apparet
375 2856 414 2898 ex
445 2833 585 2896 oratione
615 2853 674 2918 pro
704 2853 812 2898 susus.
842 2831 870 2918 ⁷)
918 2835 1054 2900 Unicum
1084 2836 1235 2902 indicium

209 2948 250 3013 de
281 2966 486 3011 vuncuucmo
516 2953 663 3009 accusato
694 2942 782 3009 locus
811 2953 857 3008 est
879 2965 1060 3026 cinnanum
1086 2948 1113 3035 ⁸)
1140 2950 1235 3035 „quis

245 3167 264 3230 ¹)
283 3170 443 3217 Bououiun.
462 3179 502 3229 op.
522 3164 538 3212 l.
557 3178 581 3227 p.
601 3166 659 3212 410.
695 3161 814 3213 sennen.
832 3175 865 3226 op
882 3159 900 3209 1.
917 3175 942 3224 p.
961 3164 985 3210 5.
1004 3161 1097 3212 etalii.

243 3248 263 3315 ²)
282 3252 337 3303 Cic.
356 3267 380 3316 p.
399 3249 500 3301 Cluent.
519 3252 561 3297 36.
581 3249 595 3310 ξ
614 3252 656 3296 98.

242 3331 357 3402 ⁵)Ru1n.
376 3350 416 3399 op.
434 3333 451 3383 l.
470 3349 494 3398 p.
514 3335 573 3381 655.
593 3331 632 3380 ιιο.
651 3336 666 3380 ³
686 3336 711 3380 et
729 3336 753 3381 4.
771 3342 795 3395 p.
816 3332 874 3379 728.
893 3330 948 3379 init.

243 3417 256 3452 ⁴
298 3420 346 3467 bid.
383 3421 468 3466 ΛΗ.

243 3420 264 3570 ⁵i
281 3420 452 3552 immopmlhi
475 3501 573 3550 videtur
596 3504 662 3548 recte
684 3499 774 3548 confici
796 3511 867 3562 posse
891 3498 1002 3561 praemis
1024 3498 1084 3548 datu
1104 3499 1179 3551 luisse
1197 3502 1236 3564 ei,

208 3589 252 3653 qui
277 3589 386 3652 aliquem
413 3587 521 3635 ambitus
547 3584 718 3643 damnaverit,
748 3598 799 3649 quo
824 3592 935 3647 tempore
961 3597 1056 3634 c1cuno
1081 3586 1236 3637 aedilitatem

208 3675 279 3738 petiit
300 3689 333 3724 ex
359 3672 494 3722 collatione
520 3671 633 3720 locorum
656 3681 792 3718 emenonis
816 3670 843 3719 in
870 3668 1106 3719 Verr.11.u.82.
1126 3671 1141 3732 5
1161 3674 1192 3720 79
1211 3679 1237 3720 et

107 3808 109 3815 ,
209 3773 233 3822 p.
251 3758 291 3809 cl.
310 3762 342 3808 ³6
364 3759 378 3820 ς
397 3760 438 3805 es.

244 3840 265 3907 6)
283 3841 374 3893 Onom.
394 3840 463 3890 Tull.
482 3839 532 3888 vol.
547 3840 584 3888 11.
604 3855 657 3889 voc
676 3848 867 3889 vineuneums.

244 3923 265 3990 ⁷)
282 3925 337 3977 (ἔω.
356 3941 380 3990 p.
399 3925 478 3975 Sulla.
498 3928 522 3973 6.
540 3924 553 3988 p
574 3928 612 3976 18.
649 3923 688 3976 Cf.
712 3935 819 3975 eminus
842 3938 865 3972 a.
884 3938 908 3973 u.
927 3936 949 3973 c.
971 3923 1030 3972 cis.
1048 3937 1065 3972 e
1082 3920 1111 3973 C.
1132 3926 1171 3972 75.
1191 3922 1234 3989 (ex

209 4011 393 4076 computatione
410 4006 513 4073 menn).

248 4093 269 4160 ὓ)
286 4094 341 4146 Cic.
360 4111 383 4160 p.
402 4092 483 4144 Sulla.
503 4097 517 4141 2
536 4091 549 4156 p
567 4096 590 4142 6.

1057 4180 1102 4246 7.
