2910 4950
689 432 752 497 173

254 643 400 723 Quatuor
422 649 514 705 erant
536 637 691 704 candidati
713 638 910 716 consulatus,
936 660 1071 704 nassum
1091 651 1124 706 et
1142 663 1235 707 sciu-

210 777 268 818 nus
291 754 428 840 patricii3
462 774 614 817 nourrius
641 763 673 817 et
702 774 843 817 uenimus
865 750 978 837 plebeii
1003 753 1043 841 1).
1091 754 1235 819 Scaurus

210 865 335 930 valebat
354 865 507 929 memoria
525 887 589 929 non
610 864 735 952 ingrata
754 863 895 929 aedilatis
914 886 989 928 suae
1012 874 1044 928 et
1061 864 1193 929 rusticos
1206 863 1234 953 2)

209 975 344 1041 habebat
372 978 421 1041 sui
450 975 601 1041 studiosos
632 998 688 1062 per
717 977 814 1063 patris
845 976 1048 1055 memorium
1086 999 1238 1042 nourrius

209 1089 318 1152 amicis
344 1087 390 1176 ³),
416 1112 557 1154 nannius
581 1110 728 1153 caesaris
757 1086 882 1152 valebat
905 1085 1056 1151 militibus
1079 1100 1110 1153 et
1133 1088 1238 1154 Gallia

210 1197 433 1283 Transpadana
457 1203 503 1287 ⁴);
535 1220 673 1263 nussam
701 1219 869 1263 cromerus
897 1207 929 1262 et
952 1219 1103 1262 causaris
1127 1201 1239 1285 opibus

211 1309 370 1376 nitebatur
395 1310 434 1398 ⁵).
483 1310 656 1389 Ponrrrus,
680 1320 717 1374 ut
744 1309 804 1374 hoe
832 1320 973 1395 ternpore
997 1311 1136 1397 saepius,
1162 1310 1240 1395 quid

211 1421 330 1487 faceret
352 1403 491 1488 nesciens
514 1445 636 1488 scsuuo
655 1421 781 1486 studere
800 1421 965 1487 videbatur
986 1421 1030 1510 ⁸),
1054 1421 1108 1487 sed
1128 1444 1239 1489 revera

212 1557 277 1599 non
301 1533 374 1599 fecit
395 1545 427 1598 ct
448 1544 555 1620 postea
578 1556 651 1598 eum
675 1533 788 1599 abiecit
810 1543 846 1597 ut
869 1556 997 1599 munnio
1021 1533 1169 1600 studeret.

257 1646 367 1727 Quum
390 1647 548 1732 permulta
571 1658 640 1712 acta
670 1648 797 1711 suntin
826 1646 885 1711 hac
907 1648 1056 1732 petitione
1081 1650 1186 1735 turpia
1209 1657 1240 1714 et

215 1756 305 1822 foeda
328 1769 396 1824 tum
430 1761 613 1846 praesertim
648 1760 703 1826 illa
736 1760 838 1846 pactio
862 1782 957 1844 quam
983 1783 1056 1824 cum
1087 1783 1179 1826 arrio
1209 1771 1241 1828 et

215 1891 427 1937 annnonanno
450 1895 526 1937 coss.
551 1873 691 1937 inierunt
713 1895 856 1935 numurus
878 1882 909 1936 et
939 1894 1099 1937 nourrius.
1146 1872 1240 1938 Nolo·

214 1979 291 2045 bant
321 1984 403 2047 enim
435 1982 579 2047 consules
609 1983 787 2068 provincias
816 1982 921 2046 sortiri
949 1981 1020 2068 lege
1043 1984 1164 2048 curiata
1186 1982 1241 2050 sed

215 2115 310 2179 quam
334 2095 466 2180 quisque
489 2095 625 2158 maxime
644 2094 786 2180 optabat,
811 2116 881 2158 eam
901 2093 1042 2158 obtinere
1061 2096 1239 2181 cupiebant.

214 2205 376 2292 Cogitabat
407 2207 504 2294 igitur·
539 2230 645 2271 arrius
680 2217 814 2271 exeunte
851 2228 958 2270 meuse
987 2207 1163 2292 Septembri
1189 2232 1242 2274 cuo

214 2331 314 2382 sumtu
336 2319 367 2382 iu
391 2321 585 2404 provinciam
615 2322 660 2384 ire
681 2322 709 2407 7)
741 2318 889 2383 Ciliciam.
938 2321 1061 2384 interca
1093 2343 1243 2386 nourrrns

217 2441 249 2495 et
273 2454 414 2497 unumne
442 2433 585 2498 coierunt
614 2444 648 2497 ut
674 2431 794 2497 honore
814 2432 1033 2517 competitores
1055 2432 1241 2511 deiicerent,
1305 2467 1307 2470 ·

216 2544 311 2619 cuius*
330 2546 472 2610 coitionis
493 2546 525 2610 iu
544 2544 779 2610 firmamentum
805 2546 981 2631 pactionem
1002 2545 1145 2611 fecerunt
1168 2569 1242 2611 cum

217 2676 294 2727 coss.
331 2704 349 2734 ,‚
360 2655 406 2718 uti
435 2655 529 2719 ambo
560 2654 673 2720 darent
694 2654 876 2720 consulibus
900 2657 959 2720 HS.
985 2657 1190 2744 quadragena
1217 2659 1243 2722 si

215 2762 319 2847 „facti
341 2776 442 2829 essent
464 2766 522 2850 ipsi
546 2766 703 2844 consules,
728 2767 787 2829 nisi
815 2776 879 2829 tres
900 2766 1048 2853 Augures
1070 2766 1241 2847 dedissent,

216 2857 300 2963 „qni
323 2899 356 2941 se
373 2877 498 2941 affuisse
517 2876 659 2942 dicerent
680 2896 753 2942 cum
774 2876 826 2941 lex
844 2878 965 2942 curiata
984 2879 1136 2959 ferretur,
1161 2902 1243 2968 quae
1267 2921 1274 2940 .

217 2989 310 3071 „luta
331 3013 396 3055 non
427 2999 519 3068 esset,
549 3000 581 3055 et
610 2989 674 3054 dno
697 2989 894 3067 consulares,
919 2990 974 3073 qui
996 3013 1029 3054 so
1047 2991 1188 3056 dicerent
1209 2995 1243 3059 in

217 3101 394 3184 „ornandis
416 3102 584 3188 provinciis
603 3101 822 3168 consularibus
841 3101 1005 3167 scribendo
1025 3104 1150 3170 affuisse
1169 3127 1243 3171 cum

217 3216 375 3297 „omnino
405 3238 445 3279 ne
473 3217 606 3280 Senatus
634 3215 760 3302 quidem
785 3214 914 3280 fuisset”
945 3215 984 3305 8).
1032 3218 1143 3282 Postea
1169 3241 1243 3284 curn

217 3349 367 3394 romine
384 3349 530 3394 scaurum
548 3327 705 3394 abiecerat
722 3340 754 3394 et
772 3351 899 3394 narrum
920 3329 1080 3410 studebat,
1101 3353 1175 3397 eum
1195 3331 1244 3397 in·

252 3553 272 3618 ¹)
289 3555 344 3606 Cic.
365 3558 398 3607 nd
415 3558 470 3609 att.
489 3560 538 3608 IV.
561 3563 600 3608 11.

253 3637 273 3702 2)
291 3637 456 3693 Pronuntiare
473 3642 520 3692 hae
538 3644 564 3692 in
583 3657 610 3693 ro
628 3643 740 3694 solemne
758 3658 812 3696 voc.
831 3652 876 3696 est.
903 3645 942 3697 ef.
960 3658 1008 3698 crc.
1028 3647 1060 3697 sd
1077 3647 1165 3698 11111.
1187 3652 1226 3697 14.

252 3721 599 3790 nmmmmm
1205 3746 1209 3752 ·

252 3806 272 3873 ⁴)
290 3809 345 3860 Cre.
364 3811 423 3860 ibid.
460 3809 499 3860 Cf.
515 3813 547 3860 ad
564 3813 597 3873 Q„
616 3813 647 3864 fr.
666 3814 717 3866 ΙΙΙ.
738 3821 753 3865 2
773 3817 788 3881 ξ
805 3822 829 3866 ³.

252 3890 272 3956 5)
289 3893 344 3945 cic.
363 3895 396 3956 Q.
414 3896 444 3945 fr.
460 3896 513 3944 111.
532 3901 547 3946 3
565 3897 578 3961 5
597 3903 621 3948 2.

252 3974 272 4042 6)
290 3978 346 4028 Cic.
368 3981 423 4029 Ati.
442 3981 492 4031 IV.
514 3984 553 4030 15.

253 4061 274 4128 7)
291 4063 346 4114 Cre.
365 4062 421 4114 Att.
440 4066 489 4115 IV.
513 4069 553 4115 16.

254 4146 274 4214 1)
292 4147 347 4200 erc.
365 4149 421 4200 Au
439 4151 488 4202 1v.
510 4155 540 4200 18
559 4151 572 4215 t
590 4155 613 4200 2.
