2910 4950
626 411 689 476 185

190 618 339 687 Indicabo
373 619 511 704 primum
547 616 650 704 legem
686 617 749 681 vim
780 640 846 682 csse
875 628 999 685 nectam
1031 641 1168 685 nonnam

148 755 223 799 coss.
248 734 313 811 1113
335 729 462 808 deinde,
483 729 559 815 quid
578 728 638 794 hae
656 728 727 816 lege
745 728 802 794 sibi
820 729 957 796 voluerit
974 730 1144 819 legislator.

190 847 268 909 Eam
302 843 404 929 legem
433 843 497 907 rim
521 839 646 906 tandem
676 853 801 907 nactam
831 865 896 908 esse
925 866 982 929 per
1009 864 1172 909 roaerruu

146 976 186 1019 ex
216 953 319 1017 verbis
353 974 458 1035 uronis
486 960 629 1037 apparet:
657 951 683 1039 1)
720 950 757 1016 τό
785 976 821 1016 τε
856 951 963 1030 δόγμα
997 953 1032 1017 τὸ
1062 953 1169 1032 μικρὸν

147 1063 316 1144 ἔμπροσθεν
329 1061 548 1141 γενόμενον-
561 1063 751 1143 ἐπεκύρωσεν
768 1062 793 1150 (ὁ
809 1062 996 1150 Πομπήϊος).
1031 1064 1074 1126 At
1085 1061 1172 1128 aliud

148 1184 372 1262 argumentum
403 1184 449 1239 est
479 1172 565 1259 quod
594 1195 663 1238 rem
694 1174 834 1239 conficit:
865 1212 911 1223 -
941 1198 1054 1261 nempe
1088 1197 1173 1241 anno

148 1297 218 1373 post
240 1309 369 1351 eonem
392 1284 591 1351 consulatum
616 1308 732 1352 cranao
758 1287 791 1351 in
814 1285 954 1351 Ciliciam
977 1287 1172 1373 provinciam

147 1398 306 1486 profectus
328 1409 388 1477 est,
413 1399 468 1483 qui
488 1398 618 1463 omnino
642 1419 725 1462 anno
747 1398 958 1483 superiorein
978 1399 1174 1483 provinciam

147 1512 194 1575 ire
223 1496 395 1587 debuisset,
425 1510 451 1574 si
479 1509 530 1574 lex
557 1531 576 1574 a
605 1531 741 1576 nourrro
767 1519 799 1574 et
828 1532 965 1576 massana
992 1521 1072 1577 esset
1102 1533 1173 1597 per·

147 1622 222 1690 lata.
269 1624 311 1688 At
333 1621 428 1688 credo
451 1644 504 1687 eos
523 1621 666 1687 consules
686 1621 850 1687 consilium
871 1623 1000 1709 cepisse,
1022 1633 1058 1688 ut
1077 1645 1174 1710 appa-

146 1744 196 1799 ret
222 1757 261 1799 ex
292 1756 388 1799 mona
411 1733 433 1799 l.
459 1732 502 1812 l.,
526 1732 610 1799 illius
639 1732 719 1820 legis
742 1732 905 1811 ferendae,
929 1733 983 1799 sed
1005 1756 1085 1819 opus
1107 1742 1177 1799 erat

148 1845 333 1911 auctoritate
356 1857 387 1910 et
410 1844 526 1932 gratia,
549 1867 630 1930 quae
649 1846 775 1930 utrique
795 1844 975 1910 defuerunt.
1011 1845 1087 1908 Lata
1106 1853 1176 1908 erat

149 1958 233 2020 enim
264 1956 319 2021 illa
349 1957 400 2021 lex
430 1967 540 2021 contra
570 1955 740 2020 ambitum:
778 1979 846 2037 „ne
877 1957 1080 2042 magistratus
1103 1965 1176 2020 ante

148 2069 325 2153 „quintum
360 2089 480 2132 annum
516 2087 612 2151 quam
647 2065 792 2131 consules
823 2077 1020 2153 praetoresve
1046 2066 1177 2131 fuissent

148 2181 351 2267 „provincias
368 2177 596 2257 sortirentur?

193 2292 284 2373 Quae
306 2291 444 2357 verba'a
466 2314 660 2358 rrnauaano
684 2292 711 2380 ²)
738 2315 802 2358 non
826 2303 911 2359 recte
933 2291 1088 2378 explicata
1110 2314 1176 2357 esse

149 2401 309 2483 videntur;
342 2402 427 2468 addit
457 2405 542 2468 enim
569 2415 639 2491 post
668 2404 765 2470 verba
787 2405 882 2493 logis:
912 2415 973 2487 „ut
1003 2403 1069 2471 scil.
1093 2401 1175 2468 illud

149 2525 299 2602 „tempus
318 2501 455 2580 ambitus
474 2516 725 2581 accusationibus
743 2514 896 2602 pateret.'’
926 2515 987 2581 Sed
1005 2513 1081 2601 quid
1096 2537 1176 2601 opus

149 2637 218 2692 erat
240 2638 364 2692 tantum
392 2628 541 2713 temporis
560 2629 742 2713 permittere
768 2638 805 2692 ut
823 2628 964 2692 accusari
987 2637 1113 2713 possent
1135 2627 1173 2706 ii,

149 2739 205 2825 qui
227 2738 366 2802 nummis
389 2737 467 2803 datis
491 2739 558 2802 sine
581 2738 676 2803 dubio
700 2738 834 2802 absoluti
860 2762 877 2802 e
896 2737 1011 2803 iudicio
1037 2739 1171 2818 abirent3

148 2850 331 2936 praesertim
351 2872 449 2934 quum
468 2850 562 2914 etiarn
582 2849 724 2914 accusari
744 2859 870 2933 possent
889 2848 927 2914 de
942 2849 1063 2914 ambitu
1075 2873 1176 2935 quum

149 2986 189 3028 ex
219 2962 381 3047 provincia
412 2971 646 3026 reverterentur
674 2959 758 3046 quod
783 2983 810 3026 v.
836 2984 862 3025 c.
887 2961 918 3025 in
943 2985 1034 3028 mmo
1058 2962 1176 3029 sactum

149 3084 204 3140 est.
250 3074 344 3139 Ratio
372 3071 450 3137 haec
481 3072 716 3138 esse'vidctur:
748 3075 884 3138 Romani
911 3073 1047 3139 honores
1072 3075 1177 3140 ambi·-

148 3184 226 3250 bant
251 3196 283 3250 et
312 3185 419 3249 effusis
442 3185 661 3273 largitionibus
684 3184 811 3272 adipisci
834 3186 1031 3253 conabantur
1054 3198 1090 3252 ut
1112 3187 1175 3252 mi-

149 3320 233 3363 seras
263 3297 440 3383 provincias
470 3296 688 3375 exhaurirent,
720 3297 746 3385 3)
782 3308 814 3362 et
838 3320 889 3362 aes
912 3297 1051 3363 alienum
1075 3294 1175 3364 solve·

150 3419 238 3487 rent,
272 3408 356 3494 quod
380 3410 411 3474 in
435 3408 564 3475 honoris
589 3410 737 3495 petitione
760 3421 992 3476 contraxerant.
1038 3412 1089 3476 Sic
1112 3412 1176 3478 iam

150 3543 280 3615 giorno,
300 3545 398 3607 quum
420 3521 628 3600 consuleret,
650 3533 773 3607 poterat
787 3546 986 3590 aarornma
1007 3546 1176 3591 carismata

150 3631 291 3718 partibus
322 3655 454 3698 avocare
485 3635 627 3720 pactione
657 3636 837 3720 provinciae
868 3636 894 3722 ⁴)
929 3639 948 3701 i.
969 3661 995 3703 c.
1023 3637 1176 3702 electione

152 3787 366 3800 —

185 3855 396 3918 ¹)Drocrss1rs
415 3855 473 3904 XL.
493 3861 534 3905 56.

185 3938 206 4000 2Ι
226 3942 368 3992 'lb’nnnnn
387 3941 453 3991 Dies.
472 3941 489 3989 l.
509 3957 532 4004 p.
552 3946 593 3990 99.

186 4021 206 4089 ³}
224 4027 387 4074 Minnnuros
405 4024 463 4073 Life
480 4024 508 4073 ol
524 4038 625 4074 crcsno.
644 4026 682 4074 11.
703 4031 723 4074 l.

186 4105 205 4175 ⁴)
224 4110 304 4161 Sari.
323 4109 389 4160 Bolt.
408 4109 462 4161 Cat
482 4113 523 4159 26.
547 4123 623 4160 rtur.
641 4110 694 4163 Cic.
715 4116 753 4162 12.
