2910 4950
707 378 749 440 28

211 591 317 664 „esset
350 582 484 668 optima,
515 589 620 646 tamen
654 580 819 646 obstinatio
853 579 999 647 luxuriae
1030 583 1234 651 elvitiorum

211 694 329 776 „firma
351 691 518 774 concordia
539 691 631 757 nullo
653 691 827 780 abrogante
849 691 972 758 irritam
994 693 1101 760 fecit.”

255 805 350 871 Addit
379 826 558 870 mosomus
582 804 603 871 l.
624 804 646 870 l.
672 803 747 891 quid
769 827 881 869 ussum
907 826 1008 891 quum
1034 806 1236 874 intellexisset

210 915 313 1005 legem
330 938 421 983 suam
439 939 504 982 non
520 915 679 981 observari
693 925 872 981 constanter
890 915 1011 998 fecerit3
1028 939 1102 983 eum
1120 941 1236 1005 nempe

210 1027 317 1115 quoad
333 1027 423 1121 ¹vixit
452 1026 528 1093 foris
556 1037 663 1116 postea
692 1049 757 1092 non
788 1050 951 1107 coenasse,
974 1051 1016 1093 ne
1037 1029 1122 1095 testis
1146 1029 1237 1096 fieret

209 1149 407 1225 contemptae
429 1137 535 1226 legis,·
551 1161 647 1224 quam
669 1139 734 1226 ipse
757 1137 841 1204 bono
859 1140 988 1226 publico
1005 1141 1193 1228 pertulisset

152 1286 154 1291 .
253 1251 344 1314 Hanc
370 1248 474 1337 legem
496 1247 612 1329 idcirco
635 1248 769 1329 adduxi,
802 1250 888 1337 quod
912 1251 1020 1339 aliqua
1040 1253 1074 1317 in
1095 1275 1131 1318 re
1155 1276 1236 1319 oon-

208 1362 317 1427 iuneta
335 1360 429 1426 fuisse
442 1359 568 1426 videtur
583 1384 657 1427 cum
676 1362 918 1450 magistratuum
938 1364 1099 1450 petitione3
1121 1367 1146 1430 si
1165 1367 1236 1452 qui·

209 1471 281 1537 dem
301 1470 387 1558 apud
401 1494 542 1538 ussurus
561 1471 697 1561 legimus
711 1473 753 1561 ¹):
779 1472 858 1556 „lex
871 1472 983 1539 deinde
1001 1475 1095 1540 Antia
1109 1487 1236 1564 praeter

211 1591 399 1667 „sumptum
427 1582 524 1661 acris,
556 1580 587 1646 id
617 1582 710 1646 etiam
738 1583 855 1661 sanxit,
887 1593 925 1648 ut
951 1585 1006 1670 qui
1028 1595 1107 1650 esset
1129 1588 1234 1675 magi-

211 1703 366 1778 „stratus,
391 1694 651 1782 magistratumve
673 1705 824 1780 capturus
842 1706 936 1774 esset,
959 1718 1001 1761 ne
1023 1718 1087 1783 quo
1106 1695 1146 1762 ad
1162 1720 1234 1765 coe-

211 1827 311 1888 „nam
334 1806 393 1871 nisi
415 1805 456 1871 ad
478 1816 580 1872 certas
602 1828 751 1893 personas
773 1808 833 1873 iret
850 1805 891 1894 ²).

689 2010 761 2091 52.

604 2163 672 2230 Les
693 2164 845 2231 Poetelio.

538 2314 563 2349 n.
582 2314 608 2350 u.
626 2314 649 2351 c.
668 2305 728 2352 ³96.
762 2316 788 2351 s.
806 2314 830 2352 c.
848 2306 908 2353 858.

254 2480 346 2568 Legis
367 2477 523 2545 Poeteliae
545 2480 642 2546 semel
664 2482 782 2546 mentio
794 2479 829 2546 fit
845 2478 889 2569 ³),
912 2478 961 2545 his
978 2478 1096 2545 verbis:
1122 2490 1178 2562 „ct
1196 2482 1235 2549 de

209 2591 357 2675 „ambitu
381 2591 421 2656 ab
443 2614 473 2659 c.
491 2614 645 2657 rosseum
668 2602 708 2660 tr.
725 2592 770 2680 pl.
794 2591 977 2657 unctoribus
999 2591 1147 2658 Patribus
1166 2602 1235 2661 tum

209 2703 377 2790 „primum
404 2701 444 2768 ad
471 2702 625 2789 populum
649 2703 749 2769 latum
777 2713 837 2768 est:
868 2725 969 2790 eaque
991 2703 1155 2792 rogatione
1176 2726 1235 2770 no·

208 2837 349 2898 „vorum
371 2814 507 2879 maxime
528 2815 695 2881 hominum
713 2815 932 2894 ambitionem,
957 2815 1013 2901 qui
1031 2814 1190 2881 nundinas
1204 2815 1231 2904 ⁴)

209 2935 268 3010 „et
284 2925 492 2992 conciliabula
502 2926 589 2992 obire
602 2926 684 2993 soliti
698 2936 790 2992 erant
808 2948 1018 3014 compressam
1030 2925 1233 2994 credebaut.”

244 3224 263 3292 ¹)
281 3225 365 3278 Gsuu.
382 3227 416 3278 N.
435 3225 469 3276 A.
487 3226 525 3277 11.
544 3226 607 3275 Μ’

243 3308 265 3378 ²)
280 3312 442 3363 Pertineatne
459 3312 522 3363 haec
538 3311 582 3361 lex
602 3311 636 3360 sd
654 3309 776 3359 ambitum
792 3309 890 3368 nescim
908 3309 952 3359 sed
968 3308 1033 3359 illud
1049 3309 1235 3361 observandum

209 3405 247 3448 est
269 3398 316 3448 hac
339 3398 395 3460 lege
417 3397 525 3446 vetitum
548 3394 623 3445 fuisse
646 3395 690 3453 iis,
718 3394 764 3459 qui
787 3393 962 3456 magistratum
984 3400 1114 3456 peterent,
1136 3407 1165 3441 ne
1188 3408 1236 3457 qao

209 3491 329 3533 mmmm
346 3482 421 3541 irent,
438 3496 518 3546 quum
534 3481 592 3530 Lex
609 3479 696 3529 Tullia
712 3478 743 3529 do
761 3479 856 3527 ambitu
874 3478 1006 3542 impediret
1023 3478 1157 3543 quominus
1177 3494 1234 3530 ean·

208 3568 287 3619 einai
306 3567 440 3633 prandium
462 3565 575 3615 tributim
592 3565 688 3615 darent.
732 3564 789 3613 Lex
803 3563 885 3613 Antia
899 3562 951 3613 iere
968 3568 1081 3627 tempore
1097 3575 1235 3614 cressonis

208 3654 261 3704 lata
277 3667 330 3703 esse
347 3652 457 3710 videtum
474 3649 543 3716 quod
566 3649 624 3699 inde
643 3649 760 3708 conficio,
777 3648 846 3713 quod
866 3648 934 3696 intra
949 3646 1034 3710 legem
1052 3646 1192 3699 Aemiliam
1209 3654 1235 3699 et

208 3736 304 3788 Iuliam
321 3733 452 3800 (luerem)
468 3734 521 3783 lata
539 3733 580 3782 sit.
614 3732 683 3783 Vide
703 3745 823 3783 assumis
846 3738 872 3782 et
891 3742 973 3781 nos.
996 3730 1026 3782 ll.
1044 3731 1072 3782 ll.
1090 3738 1117 3783 et
1136 3745 1233 3784 omn.

209 3821 267 3872 Ind.
285 3821 348 3883 Leg.
367 3834 391 3883 p.
411 3819 470 3866 277.

245 3901 343 3970 ³)L1r.
362 3901 425 3953 vn.
447 3904 487 3948 15.

244 3986 265 4053 ι)
283 3989 433 4039 Boucmus
455 3998 496 4047 op.
517 3982 534 4032 l.
557 3998 581 4047 p.
606 3987 665 4032 ³91.
688 3998 713 4033 n.
732 3998 771 4044 a,
787 3982 832 4048 qui
847 3983 922 4048 plura
938 3982 969 4034 de
985 3983 1026 4033 his
1042 3982 1127 4033 hebet.
1163 3982 1234 4045 Quid

210 4074 261 4126 sint
278 4066 434 4124 mimula
450 4076 506 4120 cett.
525 4068 575 4118 vid.
594 4082 645 4118 mv.
664 4068 722 4120 XL.
742 4072 784 4119 st.
802 4068 906 4134 interpr.
924 4075 950 4120 et
964 4066 1022 4119 XL.
1045 4072 1075 4118 19
1093 4069 1196 4133 interpr.
