2910 4950
781 388 845 452 128

295 591 409 676 cuique
439 592 640 679 perspicuum
663 593 724 658 erit
743 594 800 679 qui
823 592 992 678 inspexerit
1015 614 1181 661 crcrnoms
1203 596 1317 682 episto·

293 701 340 767 las
355 702 400 790 ¹):
425 727 513 791 „ego
536 703 575 769 de
597 705 675 769 meis
697 703 737 769 ad
760 715 790 769 te
809 704 982 769 rationibus
1006 704 1188 794 (petitionis)
1209 710 1318 795 scripsi

291 825 411 897 „antea
441 815 616 904 diligenter.
664 819 731 882 Hoc
760 827 901 903 tempore
928 840 1104 883 carantanas
1127 821 1316 904 competito-

290 951 386 1010 „rem
409 938 552 993 nostrum
575 927 743 993 defendere
766 930 959 1016 cogitamus,
984 952 1093 1016 spero,
1110 930 1136 994 ei
1153 929 1316 995 absolutus

288 1088 308 1122 „
317 1040 389 1118 erit,
418 1040 666 1105 coniunctiorem
695 1040 788 1105 illum
816 1040 906 1106 nobis
937 1042 1004 1106 fore
1033 1042 1067 1105 in
1091 1041 1214 1106 ratione
1236 1042 1316 1128 peti·

288 1151 437 1233 „tionis”
495 1153 528 1216 Si
563 1154 631 1237 quis
665 1151 705 1217 ad
739 1152 817 1217 haee
851 1153 1061 1239 compararit,
1098 1175 1179 1239 quae
1208 1152 1317 1218 scribit

287 1262 327 1343 Q.
351 1261 449 1326 frater
471 1262 503 1327 in
526 1263 674 1348 petitione
698 1285 782 1329 cons.
807 1261 834 1350 2)
861 1261 906 1327 nil
930 1260 1109 1326 addendum
1133 1284 1198 1326 esse
1220 1272 1314 1347 puto,

287 1396 351 1460 qno
370 1372 553 1439 confirmem
577 1373 733 1438 forensem
755 1373 897 1439 laborem
923 1371 1227 1439 commendationem
1252 1373 1312 1439 ha·

285 1483 360 1549 bere
385 1484 418 1548 in
448 1483 596 1569 petitione
623 1484 821 1570 gratiamque
849 1504 973 1568 parere.
1019 1482 1110 1563 Quae
1136 1480 1232 1546 fuerit
1254 1483 1312 1549 illa

284 1593 351 1674 lex,
383 1616 478 1680 quom
506 1617 621 1660 cacano
652 1593 726 1659 dicit
751 1594 777 1681 3)
812 1617 844 1659 se
871 1595 960 1674 „iam
989 1592 1116 1678 quidem
1141 1591 1247 1658 tulisse
1269 1594 1310 1661 de

284 1706 425 1788 „civium
452 1706 598 1792 periculis
627 1703 855 1770 defendendis”
885 1728 949 1770 non
989 1713 1090 1791 potest
1121 1704 1233 1770 melius
1263 1707 1314 1772 in-

282 1815 435 1905 intelligi,
460 1839 556 1902 quam
579 1841 619 1882 ex
641 1816 745 1882 verbis
768 1819 806 1899 Q.
832 1816 938 1881 fratris
961 1815 983 1881 l,
1000 1815 1022 1881 l.
1047 1815 1068 1882 i.
1081 1839 1109 1881 e.
1135 1826 1171 1880 ut
1193 1817 1314 1884 civibus

284 1927 487 1995 defendendis
520 1929 598 2011 „sui
632 1929 750 1994 faceret
783 1927 937 1993 studiosos
967 1937 1063 2012 atque
1092 1937 1128 1992 ut
1151 1928 1194 1992 ita
1215 1927 1313 1997 homo

287 2063 417 2107 naevus
443 2039 482 2107 ad
511 2040 647 2106 honores
676 2038 888 2128 perveniret.”
936 2038 1105 2103 Dubitatur
1135 2047 1241 2105 tamen
1272 2040 1312 2107 de

282 2151 461 2218 defensione
499 2174 668 2217 carrum
702 2175 721 2218 a
760 2173 935 2229 nicanora,
967 2149 1114 2216 locumve
1148 2149 1310 2233 habuerit,

282 2285 342 2329 nec
364 2287 405 2329 ne
426 2264 470 2352 ⁴);
503 2285 696 2328 scursonem
718 2263 746 2349 5)
782 2263 866 2328 enim
892 2261 999 2327 scribit
1033 2283 1215 2327 crcsnomsu
1238 2245 1309 2328 'de-

281 2373 413 2441 fendisse
451 2397 643 2452 caesaraea,
687 2374 739 2439 cui
776 2373 869 2438 fidem
911 2396 975 2438 non
1014 2371 1108 2437 habet
1147 2396 1308 2442 asconius.

280 2487 398 2552 'famen
426 2487 506 2551 ratio
537 2486 577 2551 ab
606 2508 741 2551 ascomo
772 2485 907 2550 adducta
937 2507 1001 2549 non
1031 2482 1201 2550 admodum
1228 2509 1308 2573 pro-

279 2597 383 2664 banda
412 2597 545 2664 videtur.
592 2600 749 2664 Intererat
778 2598 874 2685 ipsius
900 2620 1065 2663 nicanorus
1092 2608 1129 2662 ut
1155 2620 1307 2665 caranum

279 2709 511 2790 absolveretur,
549 2721 617 2776 tum
652 2710 692 2776 ob
726 2735 764 2776 ea
798 2733 879 2796 quae
912 2711 977 2796 ipse
1010 2708 1117 2775 scribit
1149 2710 1196 2797 8),
1237 2721 1307 2777 tum

280 2821 366 2908 quod
396 2832 539 2908 optatum
569 2821 701 2888 debebat
728 2820 869 2888 accidere
896 2842 1047 2886 cicerem
1071 2828 1107 2885 ut
1128 2841 1307 2888 coruram

279 2930 410 2998 baberet
444 2933 697 3019 competitorem
738 2954 813 2996 nam
847 2954 885 2995 eo
919 2928 1014 2995 modo
1047 2928 1169 2995 facilior
1203 2930 1306 2997 aditus

277 3045 404 3133 patebat
437 3043 477 3110 ad
511 3044 721 3111 consulatum.
775 3042 923 3107 Auream
958 3042 1042 3106 enim
1078 3041 1141 3105 iam
1175 3054 1307 3131 propter

277 3158 374 3244 patris
408 3179 523 3221 nomen
558 3154 817 3242 suffragabantur
847 3152 940 3218 multi
968 3152 1015 3240 ⁷),
1051 3175 1201 3218 crearem
1235 3165 1305 3220 erat

279 3313 518 3332 -—---—-·

312 3400 332 3465 Ι)
350 3417 374 3452 v.
393 3418 415 3452 e.
434 3400 490 3451 Cre.
508 3401 541 3450 od
558 3400 613 3451 Art.
630 3401 652 3451 L
672 3407 696 3450 2.

311 3483 332 3549 ²)
350 3486 383 3547 Q.
402 3487 432 3536 fr.
451 3487 482 3536 de
500 3495 549 3550 pot.
567 3501 634 3535 cons.
654 3490 668 3533 5
686 3485 700 3549 f
720 3489 764 3544 19,
783 3489 824 3534 20.

311 3566 333 3637 ὅ)
350 3569 405 3620 Cre.
423 3585 447 3634 p.
466 3570 534 3618 Mur.
553 3575 568 3619 3
590 3571 604 3632 ξ
622 3574 646 3619 5.

311 3653 332 3721 ⁴)
350 3657 511 3715 Baborana,
534 3668 628 3705 cronno
653 3670 715 3704 num
738 3666 885 3703 carrarum
907 3653 1102 3716 repetundarum
1124 3668 1196 3704 reum
1219 3654 1305 3706 defen·

277 3741 348 3790 derit.
373 3740 542 3791 Schweidnita
559 3745 632 3790 1844.
648 3748 673 3790 et
685 3740 796 3789 eiusdem
810 3738 945 3786 doctissimi
959 3738 1085 3802 scriptoris
1098 3752 1132 3803 op
1143 3739 1161 3788 l.
1175 3738 1259 3791 Sentio
1268 3739 1303 3789 X.

278 3841 302 3891 a
324 3830 467 3875 ssa-rsa.

312 3905 332 3974 5)
350 3908 532 3960 Fauasracna
551 3926 590 3974 ap.
609 3922 664 3959 asc.
683 3923 707 3973 p.
726 3921 769 3957 ou.
789 3911 830 3957 85.

312 3989 333 4057 ⁶)
350 3992 405 4044 Cre.
428 3995 468 4044 nd.
487 3995 543 4053 Au.
559 3995 582 4044 Ι.
602 3999 626 4043 2

313 4073 333 4141 7)
351 4076 544 4129 decederet
563 4078 588 4127 in
606 4078 678 4140 Toga
694 4075 814 4129 Candida
834 4093 858 4142 p.
877 4091 919 4130 on
939 4083 979 4128 98.
