2910 4950
218 665 229 737 t
272 667 298 719 5.
330 660 373 719 Do
394 661 454 735 lege
475 658 575 717 Tullia.
624 655 811 716 l’raemittitur
831 654 865 712 de
889 658 971 725 Soto,
1000 654 1043 713 oui

334 762 489 823 intercessit
499 763 536 822 (t.
545 760 669 833 Mucius,
680 759 715 818 de
724 761 786 835 lege
795 758 882 818 Fabia
894 764 922 818 et
931 757 966 817 do
976 760 1042 817 Solo

334 868 369 928 L.
382 867 498 927 Caesare
508 885 564 926 eos.
575 867 659 925 sacto.
674 896 713 908 -
730 863 774 923 De
787 863 838 935 iis,
854 883 923 942 quae
933 861 1043 923 Servius

334 970 469 1051 Sulpicius
484 974 515 1029 ut
530 969 586 1045 legi
602 968 695 1027 Tullia
710 966 875 1027 adderentur
891 966 1043 1044 flagitabat.

216 1080 228 1151 t
270 1081 297 1134 6.
328 1074 372 1133 De
390 1072 509 1132 ambitus
525 1071 580 1131 reis
596 1072 702 1146 exlege
713 1068 908 1128 Tullia-L.
920 1066 1044 1127 Lioinius

333 1176 459 1236 Murena.
519 1175 563 1234 De
594 1172 814 1233 aecusationibus
844 1172 875 1230 in
906 1170 1042 1231 universo.

332 1280 370 1341 Q
378 1279 516 1339 Caecilius
527 1276 729 1337 MetellusPius
737 1276 840 1355 Scipio.
847 1307 888 1319 -
897 1274 931 1333 1..
938 1273 1041 1333 Bestia.

1121 583 1167 630 lag.

314 1384 368 1461 ιΡ.
386 1382 500 1441 Sestius.
541 1378 677 1439 Iudicium
693 1378 729 1438 da
745 1396 778 1437 eo
796 1377 922 1437 habitum
946 1380 988 1436 est
1007 1396 1042 1437 ex
1153 1421 1156 1427 -

332 1487 394 1562 lege
412 1482 544 1563 Pompeia
560 1503 585 1541 a.
605 1484 620 1543 7
625 1486 672 1540 00.
701 1481 743 1541 Μ.
761 1480 878 1559 Cispius.
913 1479 948 1539 L.
966 1481 1043 1539 Sem·

329 1587 441 1668 pronius
468 1584 622 1645 Atratinus.
663 1586 699 1644 A.
723 1582 859 1644 Gabinius
887 1582 989 1662 petitus
1008 1580 1044 1642 do

329 1690 435 1749 ambitu
453 1707 562 1749 oausam
580 1706 638 1747 non
656 1685 737 1747 dixit.
777 1686 821 1746 De
838 1688 904 1745 Seto
922 1684 1041 1746 Lentulo

330 1795 359 1851 ot
378 1788 507 1870 Philippo
528 1809 599 1848 ooss.
619 1789 694 1847 facto
731 1831 1041 1848 ...........

211 1898 223 1970 t
266 1897 292 1955 7.
324 1893 368 1953 De
383 1893 455 1953 Setis
468 1893 594 1952 Domitio
610 1893 759 1952 etCatone
772 1891 954 1951 referentibus
969 1889 1042 1951 etde

328 1999 391 2074 lege
401 1995 527 2068 Aufidia,
539 2015 609 2073 quae
618 1997 723 2074 perlata
733 1999 848 2053 nonest.
858 2016 882 2053 a
892 2015 919 2054 u.
928 1995 960 2054 C.
970 1999 1038 2053 005.

212 2104 224 2176 l
267 2105 294 2158 8.
326 2099 371 2158 De
389 2101 451 2175 loge
470 2098 588 2157 Licinia.
630 2097 674 2156 De
694 2095 887 2155 sodaliciorum
916 2095 1040 2155 sumine.

330 2202 375 2261 De
402 2200 460 2261 iure
489 2199 620 2261 coeundi·
654 2199 699 2259 Do
719 2198 854 2259 iudicibus
874 2198 993 2259 editioiis
1013 2205 1041 2259 ot

329 2303 364 2363 de
384 2323 473 2383 poena
494 2324 528 2363 ox
547 2304 609 2380 loge
629 2299 738 2361 Licinia
758 2345 1039 2362 ..........

210 2410 222 2483 l
264 2414 290 2465 0.
323 2405 659 2482 DereisexlegeLicinia.
675 2404 845 2465 C.Mossius.
859 2405 891 2465 P.
900 2405 1037 2466 Vatinius.

327 2510 437 2569 Horum
447 2514 602 2588 temporum
613 2508 745 2568 conditio.
775 2510 870 2569 Sctum
883 2507 918 2567 de
933 2508 1038 2569 ambitu

327 2634 351 2673 a.
365 2618 421 2674 699
440 2613 470 2672 in
488 2613 598 2672 Afranii
616 2611 790 2672 sententiam.
833 2613 885 2671 Cu.
900 2612 1037 2673 Plancius.

327 2716 444 2775 Causam
466 2715 594 2775 dixerunt
615 2737 640 2774 a.
661 2718 728 2777 700.
770 2717 804 2773 Τ.
824 2714 932 2774 Annius
950 2715 1035 2785 Milo,

329 2819 429 2878 absens
443 2818 478 2877 do
489 2819 627 2878 sodaliciis
638 2818 783 2878 damnatus
792 2839 818 2878 a.
831 2821 899 2880 700.
931 2818 973 2878 Μ.
984 2820 1038 2878 Va·

329 2919 411 2978 lerius
431 2920 559 2978 Messala.
601 2921 719 2978 Causam
740 2919 856 2978 dixita.
879 2922 937 2981 703
1153 2929 1165 2943 ”

208 3025 220 3097 t
245 3025 291 3081 10.
323 3022 368 3081 De
391 3022 512 3082 ambitus
532 3022 586 3081 reis
606 3042 623 3081 0
642 3021 766 3101 Pompeii
788 3023 932 3081 consulatu
952 3024 983 3081 11
1003 3023 1039 3082 ad

325 3126 383 3186 III.
401 3146 426 3185 a.
447 3128 606 3188 oss—'sos
628 3127 745 3202 exlege
766 3125 865 3184 Tullia.
907 3126 951 3185 De
974 3147 1038 3186 oon·

324 3231 427 3290 sulatus
441 3228 650 3288 candidatorum
667 3229 774 3288 ambitu
789 3228 913 3288 immani.
930 3251 955 3289 a.
969 3234 1037 3293 700.

325 3334 368 3393 De
388 3332 596 3393 candidatorum
616 3335 771 3393 consulatus
792 3354 854 3393 cum
879 3334 1038 3395 oonsulibus

323 3439 459 3518 pastione.
481 3470 522 3482 -
543 3438 595 3497 Cn.
617 3437 756 3497 Domitius
775 3437 905 3498 Caluinus
926 3458 1036 3498 eausam

323 3561 380 3601 uon
391 3539 462 3599 dixit
475 3545 622 3619 antequam
631 3540 823 3617 magistratum
833 3540 906 3600 iniit.
928 3541 970 3600 M.
980 3542 1036 3601 Va·

323 3644 405 3705 larius
416 3644 537 3704 Messala
554 3666 579 3704 a.
593 3647 661 3706 703.
693 3645 726 3704 C.
738 3644 895 3705 Memmius.
927 3645 968 3704 M.
981 3646 1034 3704 rie·

320 3747 411 3807 milius
422 3749 548 3808 Scaurus.
577 3746 768 3808 A.Gsbinius.
798 3749 923 3809 Suionas.
952 3748 1033 3808 Cato.

324 3848 468 3908 Procilius.
492 3850 524 3910 P.
536 3850 668 3910 Lentulus
687 3852 765 3912 Crus.
792 3851 909 3928 Deloge
920 3851 1034 3912 Catonis

320 3956 351 4010 ut
384 3951 573 4029 magistratum
605 3954 697 4035 adepti
728 3954 869 4036 petitionis
899 3954 1035 4015 rationem

321 4055 476 4117 redderent.
517 4058 560 4118 De
580 4059 714 4139 politione
734 4065 768 4119 tr.
786 4062 824 4141 pl.
842 4083 867 4121 a.
892 4062 948 4122 700
966 4103 972 4119 .
995 4103 1002 4119 .
1025 4104 1032 4119 .

1128 4065 1193 4124 170.
