<?xml version="1.0" encoding="UTF-8"?>
<!DOCTYPE html PUBLIC "-//W3C//DTD XHTML 1.0 Transitional//EN"
    "http://www.w3.org/TR/xhtml1/DTD/xhtml1-transitional.dtd">
<html xmlns="http://www.w3.org/1999/xhtml" xml:lang="en" lang="en">
 <head>
  <title>
</title>
<meta http-equiv="Content-Type" content="text/html;charset=utf-8" />
  <meta name='ocr-system' content='tesseract 3.04.00' />
  <meta name='ocr-capabilities' content='ocr_page ocr_carea ocr_par ocr_line ocrx_word'/>
</head>
<body>
  <div class='ocr_page' id='page_1' title='image "./disputatiodecri00rinkgoog_0073.png"; bbox 0 0 2910 4950; ppageno 0'>
   <div class='ocr_carea' id='block_1_1' title="bbox 766 400 807 466">
    <p class='ocr_par' dir='ltr' id='par_1_1' title="bbox 766 400 807 466">
     <span class='ocr_line' id='line_1_1' title="bbox 766 400 807 466; baseline -0.024 0"><span class='ocrx_word' id='word_1_1' title='bbox 766 400 807 466; x_wconf 81' lang='lat'>56</span> 
     </span>
    </p>
   </div>
   <div class='ocr_carea' id='block_1_2' title="bbox 214 607 1309 2701">
    <p class='ocr_par' dir='ltr' id='par_1_2' title="bbox 214 607 1304 1589">
     <span class='ocr_line' id='line_1_2' title="bbox 279 607 1302 697; baseline -0.001 -24"><span class='ocrx_word' id='word_1_2' title='bbox 279 609 444 697; x_wconf 80' lang='lat' dir='ltr'>negotium</span> <span class='ocrx_word' id='word_1_3' title='bbox 471 607 526 672; x_wconf 87' lang='lat' dir='ltr'>dat</span> <span class='ocrx_word' id='word_1_4' title='bbox 547 608 603 672; x_wconf 92' lang='lat' dir='ltr'>uni</span> <span class='ocrx_word' id='word_1_5' title='bbox 626 607 756 673; x_wconf 85' lang='lat' dir='ltr'>alterive</span> <span class='ocrx_word' id='word_1_6' title='bbox 778 629 817 672; x_wconf 84' lang='lat' dir='ltr'>ex</span> <span class='ocrx_word' id='word_1_7' title='bbox 840 607 1090 695; x_wconf 84' lang='lat' dir='ltr'>magistratibus,</span> <span class='ocrx_word' id='word_1_8' title='bbox 1124 609 1178 694; x_wconf 89' lang='lat' dir='ltr'>qui</span> <span class='ocrx_word' id='word_1_9' title='bbox 1204 608 1242 673; x_wconf 88' lang='lat' dir='ltr'>de</span> <span class='ocrx_word' id='word_1_10' title='bbox 1265 630 1302 672; x_wconf 86' lang='lat' dir='ltr'>ea</span> 
     </span>
     <span class='ocr_line' id='line_1_3' title="bbox 278 718 1301 808; baseline 0.002 -24"><span class='ocrx_word' id='word_1_11' title='bbox 278 742 314 784; x_wconf 88' lang='lat' dir='ltr'>re</span> <span class='ocrx_word' id='word_1_12' title='bbox 337 719 522 808; x_wconf 70' lang='lat' dir='ltr'>quaeram).</span> <span class='ocrx_word' id='word_1_13' title='bbox 569 719 674 785; x_wconf 86' lang='lat' dir='ltr'>Semel</span> <span class='ocrx_word' id='word_1_14' title='bbox 696 721 859 807; x_wconf 79' lang='lat' dir='ltr'>negotium</span> <span class='ocrx_word' id='word_1_15' title='bbox 878 718 987 784; x_wconf 84' lang='lat' dir='ltr'>datum</span> <span class='ocrx_word' id='word_1_16' title='bbox 1007 730 1054 785; x_wconf 92' lang='lat' dir='ltr'>est</span> <span class='ocrx_word' id='word_1_17' title='bbox 1069 722 1221 786; x_wconf 88' lang='lat' dir='ltr'>Dictatori</span> <span class='ocrx_word' id='word_1_18' title='bbox 1239 722 1259 786; x_wconf 92' lang='lat' dir='ltr'>i.</span> <span class='ocrx_word' id='word_1_19' title='bbox 1273 744 1301 786; x_wconf 88' lang='lat' dir='ltr'>e.</span> 
     </span>
     <span class='ocr_line' id='line_1_4' title="bbox 279 829 1302 920; baseline -0.002 -24"><span class='ocrx_word' id='word_1_20' title='bbox 279 832 477 919; x_wconf 86' lang='lat' dir='ltr'>magistratui</span> <span class='ocrx_word' id='word_1_21' title='bbox 498 830 747 896; x_wconf 83' lang='lat' dir='ltr'>extraordinario</span> <span class='ocrx_word' id='word_1_22' title='bbox 763 830 804 920; x_wconf 85' lang='lat'>²).</span> <span class='ocrx_word' id='word_1_23' title='bbox 850 829 968 895; x_wconf 86' lang='lat' dir='ltr'>Eodem</span> <span class='ocrx_word' id='word_1_24' title='bbox 986 831 1081 896; x_wconf 91' lang='lat' dir='ltr'><strong>modo</strong></span> <span class='ocrx_word' id='word_1_25' title='bbox 1100 854 1208 897; x_wconf 81' lang='lat' dir='ltr'>cnonn</span> <span class='ocrx_word' id='word_1_26' title='bbox 1227 853 1302 895; x_wconf 88' lang='lat' dir='ltr'>eau-</span> 
     </span>
     <span class='ocr_line' id='line_1_5' title="bbox 280 931 1301 1031; baseline 0.001 -23"><span class='ocrx_word' id='word_1_27' title='bbox 280 965 347 1008; x_wconf 86' lang='lat' dir='ltr'>sam</span> <span class='ocrx_word' id='word_1_28' title='bbox 370 945 500 1009; x_wconf 84' lang='lat' dir='ltr'>Senatui</span> <span class='ocrx_word' id='word_1_29' title='bbox 515 967 580 1010; x_wconf 93' lang='lat' dir='ltr'>esse</span> <span class='ocrx_word' id='word_1_30' title='bbox 597 944 794 1009; x_wconf 83' lang='lat' dir='ltr'><strong>commissam</strong></span> <span class='ocrx_word' id='word_1_31' title='bbox 814 954 945 1030; x_wconf 89' lang='lat' dir='ltr'>apparet</span> <span class='ocrx_word' id='word_1_32' title='bbox 957 941 984 1031; x_wconf 79' lang='lat'>³)</span> <span class='ocrx_word' id='word_1_33' title='bbox 1006 966 1081 1008; x_wconf 91' lang='lat' dir='ltr'>nam</span> <span class='ocrx_word' id='word_1_34' title='bbox 1101 967 1149 1030; x_wconf 89' lang='lat' dir='ltr'>ep.</span> <span class='ocrx_word' id='word_1_35' title='bbox 1170 931 1301 1010; x_wconf 75' lang='lat' dir='ltr'>13.&#39;t.1.</span> 
     </span>
     <span class='ocr_line' id='line_1_6' title="bbox 276 1051 1303 1141; baseline -0.001 -22"><span class='ocrx_word' id='word_1_36' title='bbox 276 1053 430 1139; x_wconf 88' lang='lat' dir='ltr'>scriptum</span> <span class='ocrx_word' id='word_1_37' title='bbox 460 1063 507 1118; x_wconf 90' lang='lat' dir='ltr'>est</span> <span class='ocrx_word' id='word_1_38' title='bbox 535 1055 733 1141; x_wconf 80' lang='lat' dir='ltr'><strong>rogationem</strong></span> <span class='ocrx_word' id='word_1_39' title='bbox 760 1052 799 1118; x_wconf 91' lang='lat' dir='ltr'>de</span> <span class='ocrx_word' id='word_1_40' title='bbox 826 1075 920 1118; x_wconf 85' lang='lat' dir='ltr'>earo</span> <span class='ocrx_word' id='word_1_41' title='bbox 943 1051 1038 1119; x_wconf 83' lang='lat' dir='ltr'>fuisse</span> <span class='ocrx_word' id='word_1_42' title='bbox 1061 1053 1238 1133; x_wconf 81' lang='lat' dir='ltr'>decretam3</span> <span class='ocrx_word' id='word_1_43' title='bbox 1270 1062 1303 1119; x_wconf 86' lang='lat' dir='ltr'>at</span> 
     </span>
     <span class='ocr_line' id='line_1_7' title="bbox 278 1164 1302 1254; baseline -0.001 -25"><span class='ocrx_word' id='word_1_44' title='bbox 278 1187 327 1251; x_wconf 89' lang='lat' dir='ltr'>ep.</span> <span class='ocrx_word' id='word_1_45' title='bbox 349 1165 405 1229; x_wconf 82' lang='lat'>14:</span> <span class='ocrx_word' id='word_1_46' title='bbox 437 1165 634 1250; x_wconf 87' lang='lat' dir='ltr'>„quaesierit</span> <span class='ocrx_word' id='word_1_47' title='bbox 656 1188 769 1244; x_wconf 85' lang='lat' dir='ltr'>exeo,</span> <span class='ocrx_word' id='word_1_48' title='bbox 802 1165 987 1254; x_wconf 73' lang='lat' dir='ltr'>(noscamus</span> <span class='ocrx_word' id='word_1_49' title='bbox 1010 1166 1063 1231; x_wconf 87' lang='lat' dir='ltr'>Tr.</span> <span class='ocrx_word' id='word_1_50' title='bbox 1086 1164 1130 1251; x_wconf 88' lang='lat' dir='ltr'>pl.</span> <span class='ocrx_word' id='word_1_51' title='bbox 1155 1188 1196 1230; x_wconf 86' lang='lat' dir='ltr'>ex</span> <span class='ocrx_word' id='word_1_52' title='bbox 1218 1186 1302 1228; x_wconf 82' lang='lat' dir='ltr'>rou-</span> 
     </span>
     <span class='ocr_line' id='line_1_8' title="bbox 277 1275 1303 1364; baseline 0 -24"><span class='ocrx_word' id='word_1_53' title='bbox 277 1275 362 1364; x_wconf 83' lang='lat' dir='ltr'>rsro)</span> <span class='ocrx_word' id='word_1_54' title='bbox 392 1276 601 1363; x_wconf 80' lang='lat' dir='ltr'>„placeretne</span> <span class='ocrx_word' id='word_1_55' title='bbox 627 1277 656 1342; x_wconf 89' lang='lat' dir='ltr'>ei</span> <span class='ocrx_word' id='word_1_56' title='bbox 679 1276 796 1342; x_wconf 90' lang='lat' dir='ltr'>iudices</span> <span class='ocrx_word' id='word_1_57' title='bbox 818 1299 837 1342; x_wconf 83' lang='lat' dir='ltr'>a</span> <span class='ocrx_word' id='word_1_58' title='bbox 860 1288 1004 1363; x_wconf 88' lang='lat' dir='ltr'>praetore</span> <span class='ocrx_word' id='word_1_59' title='bbox 1029 1275 1111 1364; x_wconf 82' lang='lat' dir='ltr'>legi,</span> <span class='ocrx_word' id='word_1_60' title='bbox 1143 1298 1206 1363; x_wconf 91' lang='lat' dir='ltr'>quo</span> <span class='ocrx_word' id='word_1_61' title='bbox 1223 1298 1303 1340; x_wconf 91' lang='lat' dir='ltr'>con-</span> 
     </span>
     <span class='ocr_line' id='line_1_9' title="bbox 278 1386 1304 1475; baseline -0.002 -21"><span class='ocrx_word' id='word_1_62' title='bbox 278 1386 376 1471; x_wconf 87' lang='lat' dir='ltr'>„silio</span> <span class='ocrx_word' id='word_1_63' title='bbox 393 1386 476 1453; x_wconf 88' lang='lat' dir='ltr'>idem</span> <span class='ocrx_word' id='word_1_64' title='bbox 496 1397 622 1475; x_wconf 87' lang='lat' dir='ltr'>praetor</span> <span class='ocrx_word' id='word_1_65' title='bbox 640 1397 795 1456; x_wconf 88' lang='lat' dir='ltr'>uteretur.</span> <span class='ocrx_word' id='word_1_66' title='bbox 829 1388 866 1453; x_wconf 93' lang='lat' dir='ltr'>Id</span> <span class='ocrx_word' id='word_1_67' title='bbox 885 1392 992 1455; x_wconf 88' lang='lat' dir='ltr'>autem</span> <span class='ocrx_word' id='word_1_68' title='bbox 1010 1399 1079 1454; x_wconf 87' lang='lat' dir='ltr'>erat</span> <span class='ocrx_word' id='word_1_69' title='bbox 1096 1387 1135 1453; x_wconf 87' lang='lat' dir='ltr'>de</span> <span class='ocrx_word' id='word_1_70' title='bbox 1154 1386 1304 1453; x_wconf 89' lang='lat' dir='ltr'>Clodiana</span> 
     </span>
     <span class='ocr_line' id='line_1_10' title="bbox 214 1500 956 1589; baseline -0.003 -22"><span class='ocrx_word' id='word_1_71' title='bbox 214 1561 217 1567; x_wconf 93' lang='lat'>.</span> <span class='ocrx_word' id='word_1_72' title='bbox 279 1500 460 1588; x_wconf 85' lang='lat' dir='ltr'>„religione</span> <span class='ocrx_word' id='word_1_73' title='bbox 483 1522 502 1565; x_wconf 95' lang='lat' dir='ltr'>a</span> <span class='ocrx_word' id='word_1_74' title='bbox 524 1502 643 1565; x_wconf 85' lang='lat' dir='ltr'>Senatu</span> <span class='ocrx_word' id='word_1_75' title='bbox 666 1502 870 1566; x_wconf 89' lang='lat' dir='ltr'>constitutum</span> <span class='ocrx_word' id='word_1_76' title='bbox 891 1500 956 1589; x_wconf 83' lang='lat'>⁴).’&#39;</span> 
     </span>
    </p>

    <p class='ocr_par' dir='ltr' id='par_1_3' title="bbox 280 1610 1306 1922">
     <span class='ocr_line' id='line_1_11' title="bbox 324 1610 1304 1697; baseline -0.001 -23"><span class='ocrx_word' id='word_1_77' title='bbox 324 1612 433 1693; x_wconf 86' lang='lat' dir='ltr'>Quum</span> <span class='ocrx_word' id='word_1_78' title='bbox 456 1622 562 1676; x_wconf 86' lang='lat' dir='ltr'>tamen</span> <span class='ocrx_word' id='word_1_79' title='bbox 584 1634 737 1676; x_wconf 85' lang='lat' dir='ltr'>numerus</span> <span class='ocrx_word' id='word_1_80' title='bbox 760 1612 978 1697; x_wconf 84' lang='lat' dir='ltr'>quaestionum</span> <span class='ocrx_word' id='word_1_81' title='bbox 1006 1610 1137 1676; x_wconf 87' lang='lat' dir='ltr'>illarum</span> <span class='ocrx_word' id='word_1_82' title='bbox 1163 1619 1304 1675; x_wconf 86' lang='lat' dir='ltr'>extraor-</span> 
     </span>
     <span class='ocr_line' id='line_1_12' title="bbox 281 1720 1306 1809; baseline 0 -22"><span class='ocrx_word' id='word_1_83' title='bbox 281 1722 477 1787; x_wconf 79' lang='lat' dir='ltr'>dinariorum</span> <span class='ocrx_word' id='word_1_84' title='bbox 500 1720 592 1787; x_wconf 83' lang='lat' dir='ltr'>valde</span> <span class='ocrx_word' id='word_1_85' title='bbox 622 1731 791 1799; x_wconf 81' lang='lat' dir='ltr'>cresceret,</span> <span class='ocrx_word' id='word_1_86' title='bbox 822 1723 981 1788; x_wconf 85' lang='lat' dir='ltr'>institutae</span> <span class='ocrx_word' id='word_1_87' title='bbox 1007 1733 1081 1788; x_wconf 92' lang='lat' dir='ltr'>sunt</span> <span class='ocrx_word' id='word_1_88' title='bbox 1110 1722 1306 1809; x_wconf 76' lang='lat' dir='ltr'>quaestiones</span> 
     </span>
     <span class='ocr_line' id='line_1_13' title="bbox 280 1832 807 1922; baseline 0.004 -24"><span class='ocrx_word' id='word_1_89' title='bbox 280 1842 452 1920; x_wconf 84' lang='lat' dir='ltr'>perpetuae</span> <span class='ocrx_word' id='word_1_90' title='bbox 470 1832 517 1922; x_wconf 78' lang='lat'>⁶),</span> <span class='ocrx_word' id='word_1_91' title='bbox 543 1855 624 1919; x_wconf 87' lang='lat' dir='ltr'>qnae</span> <span class='ocrx_word' id='word_1_92' title='bbox 647 1832 807 1900; x_wconf 86' lang='lat' dir='ltr'>dicuntur.</span> 
     </span>
    </p>

    <p class='ocr_par' dir='ltr' id='par_1_4' title="bbox 280 1945 1306 2367">
     <span class='ocr_line' id='line_1_14' title="bbox 326 1945 1305 2037; baseline 0.001 -28"><span class='ocrx_word' id='word_1_93' title='bbox 326 1945 399 2027; x_wconf 89' lang='lat' dir='ltr'>Quo</span> <span class='ocrx_word' id='word_1_94' title='bbox 432 1967 517 2010; x_wconf 87' lang='lat' dir='ltr'>anno</span> <span class='ocrx_word' id='word_1_95' title='bbox 550 1945 709 2010; x_wconf 86' lang='lat' dir='ltr'>institutae</span> <span class='ocrx_word' id='word_1_96' title='bbox 739 1946 801 2011; x_wconf 91' lang='lat' dir='ltr'>sint</span> <span class='ocrx_word' id='word_1_97' title='bbox 830 1945 882 2037; x_wconf 17' lang='lat' dir='ltr'>ds*</span> <span class='ocrx_word' id='word_1_98' title='bbox 899 1945 1044 2011; x_wconf 92' lang='lat' dir='ltr'>omnibus</span> <span class='ocrx_word' id='word_1_99' title='bbox 1074 1967 1138 2010; x_wconf 92' lang='lat' dir='ltr'>non</span> <span class='ocrx_word' id='word_1_100' title='bbox 1174 1953 1305 2011; x_wconf 84' lang='lat' dir='ltr'>constat.</span> 
     </span>
     <span class='ocr_line' id='line_1_15' title="bbox 282 2053 1304 2145; baseline 0.001 -24"><span class='ocrx_word' id='word_1_101' title='bbox 282 2080 312 2124; x_wconf 82' lang='lat' dir='ltr'>n.</span> <span class='ocrx_word' id='word_1_102' title='bbox 336 2078 530 2121; x_wconf 70' lang='lat' dir='ltr'>crescamus</span> <span class='ocrx_word' id='word_1_103' title='bbox 553 2077 620 2122; x_wconf 81' lang='lat' dir='ltr'>orso</span> <span class='ocrx_word' id='word_1_104' title='bbox 644 2080 740 2122; x_wconf 78' lang='lat' dir='ltr'>aanor</span> <span class='ocrx_word' id='word_1_105' title='bbox 763 2057 929 2122; x_wconf 88' lang='lat' dir='ltr'>historicus</span> <span class='ocrx_word' id='word_1_106' title='bbox 950 2055 994 2145; x_wconf 79' lang='lat'>⁰),</span> <span class='ocrx_word' id='word_1_107' title='bbox 1019 2059 1051 2122; x_wconf 91' lang='lat' dir='ltr'>in</span> <span class='ocrx_word' id='word_1_108' title='bbox 1075 2055 1238 2120; x_wconf 90' lang='lat' dir='ltr'>tribunatu</span> <span class='ocrx_word' id='word_1_109' title='bbox 1261 2053 1304 2141; x_wconf 92' lang='lat' dir='ltr'>pl.</span> 
     </span>
     <span class='ocr_line' id='line_1_16' title="bbox 280 2164 1306 2255; baseline -0.002 -22"><span class='ocrx_word' id='word_1_110' title='bbox 280 2167 355 2233; x_wconf 90' lang='lat' dir='ltr'>tulit</span> <span class='ocrx_word' id='word_1_111' title='bbox 375 2169 498 2255; x_wconf 87' lang='lat' dir='ltr'>primus</span> <span class='ocrx_word' id='word_1_112' title='bbox 520 2167 559 2234; x_wconf 87' lang='lat' dir='ltr'>de</span> <span class='ocrx_word' id='word_1_113' title='bbox 576 2170 715 2255; x_wconf 80' lang='lat' dir='ltr'>pecuniis</span> <span class='ocrx_word' id='word_1_114' title='bbox 733 2164 909 2255; x_wconf 68' lang='lat' dir='ltr'>repetundis</span> <span class='ocrx_word' id='word_1_115' title='bbox 930 2190 1107 2233; x_wconf 81' lang='lat' dir='ltr'>onnsonmo</span> <span class='ocrx_word' id='word_1_116' title='bbox 1130 2177 1162 2231; x_wconf 92' lang='lat' dir='ltr'>et</span> <span class='ocrx_word' id='word_1_117' title='bbox 1185 2188 1306 2232; x_wconf 72' lang='lat' dir='ltr'>nunno</span> 
     </span>
     <span class='ocr_line' id='line_1_17' title="bbox 282 2278 968 2367; baseline 0 -21"><span class='ocrx_word' id='word_1_118' title='bbox 282 2303 357 2346; x_wconf 89' lang='lat' dir='ltr'>coss.</span> <span class='ocrx_word' id='word_1_119' title='bbox 383 2282 403 2344; x_wconf 92' lang='lat' dir='ltr'>i.</span> <span class='ocrx_word' id='word_1_120' title='bbox 416 2304 443 2346; x_wconf 92' lang='lat' dir='ltr'>e.</span> <span class='ocrx_word' id='word_1_121' title='bbox 468 2301 496 2346; x_wconf 91' lang='lat' dir='ltr'>a.</span> <span class='ocrx_word' id='word_1_122' title='bbox 522 2303 554 2347; x_wconf 91' lang='lat' dir='ltr'>u.</span> <span class='ocrx_word' id='word_1_123' title='bbox 579 2303 606 2346; x_wconf 92' lang='lat' dir='ltr'>c.</span> <span class='ocrx_word' id='word_1_124' title='bbox 633 2281 707 2346; x_wconf 83' lang='lat'>605.</span> <span class='ocrx_word' id='word_1_125' title='bbox 733 2301 761 2345; x_wconf 89' lang='lat' dir='ltr'>a.</span> <span class='ocrx_word' id='word_1_126' title='bbox 782 2281 815 2346; x_wconf 86' lang='lat' dir='ltr'>C.</span> <span class='ocrx_word' id='word_1_127' title='bbox 843 2280 906 2344; x_wconf 88' lang='grc'>149</span> <span class='ocrx_word' id='word_1_128' title='bbox 927 2278 968 2367; x_wconf 80' lang='lat'>⁷).</span> 
     </span>
    </p>

    <p class='ocr_par' dir='ltr' id='par_1_5' title="bbox 282 2390 1309 2701">
     <span class='ocr_line' id='line_1_18' title="bbox 326 2390 1308 2476; baseline -0.001 -21"><span class='ocrx_word' id='word_1_129' title='bbox 326 2390 463 2472; x_wconf 87' lang='lat' dir='ltr'>Quando</span> <span class='ocrx_word' id='word_1_130' title='bbox 493 2402 556 2457; x_wconf 89' lang='lat' dir='ltr'>tres</span> <span class='ocrx_word' id='word_1_131' title='bbox 577 2390 657 2455; x_wconf 85' lang='lat' dir='ltr'>aliae</span> <span class='ocrx_word' id='word_1_132' title='bbox 679 2400 804 2456; x_wconf 87' lang='lat' dir='ltr'>secutas</span> <span class='ocrx_word' id='word_1_133' title='bbox 831 2391 892 2455; x_wconf 88' lang='lat' dir='ltr'>sint</span> <span class='ocrx_word' id='word_1_134' title='bbox 918 2391 1114 2476; x_wconf 87' lang='lat' dir='ltr'>quaestiones</span> <span class='ocrx_word' id='word_1_135' title='bbox 1137 2398 1308 2476; x_wconf 83' lang='lat' dir='ltr'>perpetuae</span> 
     </span>
     <span class='ocr_line' id='line_1_19' title="bbox 282 2500 1309 2588; baseline -0.001 -20"><span class='ocrx_word' id='word_1_136' title='bbox 282 2504 320 2568; x_wconf 78' lang='lat' dir='ltr'>da</span> <span class='ocrx_word' id='word_1_137' title='bbox 343 2502 471 2581; x_wconf 78' lang='lat' dir='ltr'>ambitu,</span> <span class='ocrx_word' id='word_1_138' title='bbox 495 2506 534 2569; x_wconf 81' lang='lat' dir='ltr'>de</span> <span class='ocrx_word' id='word_1_139' title='bbox 556 2502 730 2582; x_wconf 79' lang='lat' dir='ltr'>maiestate,</span> <span class='ocrx_word' id='word_1_140' title='bbox 759 2512 792 2566; x_wconf 92' lang='lat' dir='ltr'>et</span> <span class='ocrx_word' id='word_1_141' title='bbox 813 2500 1014 2588; x_wconf 72' lang='lat' dir='ltr'>depeculata</span> <span class='ocrx_word' id='word_1_142' title='bbox 1036 2525 1100 2567; x_wconf 95' lang='lat' dir='ltr'>non</span> <span class='ocrx_word' id='word_1_143' title='bbox 1123 2501 1215 2567; x_wconf 87' lang='lat' dir='ltr'>facile</span> <span class='ocrx_word' id='word_1_144' title='bbox 1238 2502 1309 2587; x_wconf 86' lang='lat' dir='ltr'>quis</span> 
     </span>
     <span class='ocr_line' id='line_1_20' title="bbox 284 2613 1308 2701; baseline 0 -23"><span class='ocrx_word' id='word_1_145' title='bbox 284 2623 431 2679; x_wconf 82' lang='lat' dir='ltr'>accurate</span> <span class='ocrx_word' id='word_1_146' title='bbox 460 2613 559 2692; x_wconf 86' lang='lat' dir='ltr'>dicet,</span> <span class='ocrx_word' id='word_1_147' title='bbox 590 2613 644 2679; x_wconf 90' lang='lat' dir='ltr'>sed</span> <span class='ocrx_word' id='word_1_148' title='bbox 674 2622 897 2679; x_wconf 86' lang='lat' dir='ltr'>constat.ante</span> <span class='ocrx_word' id='word_1_149' title='bbox 924 2613 1057 2680; x_wconf 85' lang='lat' dir='ltr'>Sullana</span> <span class='ocrx_word' id='word_1_150' title='bbox 1080 2626 1222 2701; x_wconf 86' lang='lat' dir='ltr'>tempora</span> <span class='ocrx_word' id='word_1_151' title='bbox 1244 2615 1308 2678; x_wconf 86' lang='lat' dir='ltr'>iam</span> 
     </span>
    </p>
   </div>
   <div class='ocr_carea' id='block_1_3' title="bbox 285 2912 1308 3052">
    <p class='ocr_par' dir='ltr' id='par_1_6' title="bbox 285 2912 1308 3052">
     <span class='ocr_line' id='line_1_21' title="bbox 313 2912 1308 2983; baseline -0.003 -16"><span class='ocrx_word' id='word_1_152' title='bbox 313 2914 340 2983; x_wconf 82' lang='lat' dir='ltr'>.¹i</span> <span class='ocrx_word' id='word_1_153' title='bbox 359 2917 417 2967; x_wconf 84' lang='lat' dir='ltr'>Lrv.</span> <span class='ocrx_word' id='word_1_154' title='bbox 436 2916 595 2966; x_wconf 84' lang='lat' dir='ltr'>XXXVIII.</span> <span class='ocrx_word' id='word_1_155' title='bbox 615 2919 656 2965; x_wconf 80' lang='lat'>54.</span> <span class='ocrx_word' id='word_1_156' title='bbox 674 2919 786 2968; x_wconf 89' lang='lat' dir='ltr'>continet</span> <span class='ocrx_word' id='word_1_157' title='bbox 803 2916 948 2982; x_wconf 85' lang='lat' dir='ltr'>exemplum</span> <span class='ocrx_word' id='word_1_158' title='bbox 966 2915 1023 2966; x_wconf 86' lang='lat' dir='ltr'>talis</span> <span class='ocrx_word' id='word_1_159' title='bbox 1040 2915 1184 2979; x_wconf 78' lang='lat' dir='ltr'>rogationis.</span> <span class='ocrx_word' id='word_1_160' title='bbox 1202 2912 1241 2967; x_wconf 84' lang='lat' dir='ltr'>ct.</span> <span class='ocrx_word' id='word_1_161' title='bbox 1256 2928 1308 2965; x_wconf 79' lang='lat' dir='ltr'>nm.</span> 
     </span>
     <span class='ocr_line' id='line_1_22' title="bbox 285 2998 607 3052; baseline -0.016 0"><span class='ocrx_word' id='word_1_162' title='bbox 285 3001 334 3052; x_wconf 89' lang='lat' dir='ltr'>IV.</span> <span class='ocrx_word' id='word_1_163' title='bbox 354 3005 395 3050; x_wconf 73' lang='lat' dir='ltr'>ol.</span> <span class='ocrx_word' id='word_1_164' title='bbox 415 2998 546 3049; x_wconf 82' lang='lat' dir='ltr'>XXXIX.</span> <span class='ocrx_word' id='word_1_165' title='bbox 569 3003 607 3048; x_wconf 81' lang='lat'>14.</span> 
     </span>
    </p>
   </div>
   <div class='ocr_carea' id='block_1_4' title="bbox 214 3083 1353 4166">
    <p class='ocr_par' dir='ltr' id='par_1_7' title="bbox 320 3083 546 3154">
     <span class='ocr_line' id='line_1_23' title="bbox 320 3083 546 3154; baseline -0.013 -18"><span class='ocrx_word' id='word_1_166' title='bbox 320 3083 417 3154; x_wconf 78' lang='lat' dir='ltr'>²)L1v.</span> <span class='ocrx_word' id='word_1_167' title='bbox 436 3085 485 3134; x_wconf 87' lang='lat' dir='ltr'>IX.</span> <span class='ocrx_word' id='word_1_168' title='bbox 505 3088 546 3134; x_wconf 79' lang='lat'>25.</span> 
     </span>
    </p>

    <p class='ocr_par' dir='ltr' id='par_1_8' title="bbox 322 3169 640 3234">
     <span class='ocr_line' id='line_1_24' title="bbox 322 3169 640 3234; baseline -0.016 -11"><span class='ocrx_word' id='word_1_169' title='bbox 322 3169 344 3234; x_wconf 67' lang='grc'>5)</span> <span class='ocrx_word' id='word_1_170' title='bbox 361 3171 416 3223; x_wconf 78' lang='lat' dir='ltr'>Cre.</span> <span class='ocrx_word' id='word_1_171' title='bbox 435 3172 467 3221; x_wconf 82' lang='lat' dir='ltr'>au</span> <span class='ocrx_word' id='word_1_172' title='bbox 482 3170 537 3220; x_wconf 80' lang='lat' dir='ltr'>Ate.</span> <span class='ocrx_word' id='word_1_173' title='bbox 555 3171 578 3219; x_wconf 94' lang='lat'>1.</span> <span class='ocrx_word' id='word_1_174' title='bbox 601 3175 640 3218; x_wconf 74' lang='lat'>14.</span> 
     </span>
    </p>

    <p class='ocr_par' dir='ltr' id='par_1_9' title="bbox 286 3253 755 3327">
     <span class='ocr_line' id='line_1_25' title="bbox 286 3253 755 3327; baseline -0.009 -19"><span class='ocrx_word' id='word_1_175' title='bbox 286 3321 291 3327; x_wconf 25' lang='grc' dir='ltr'>Π</span> <span class='ocrx_word' id='word_1_176' title='bbox 323 3253 343 3322; x_wconf 65' lang='grc'>6)</span> <span class='ocrx_word' id='word_1_177' title='bbox 362 3257 400 3307; x_wconf 88' lang='lat' dir='ltr'>CI.</span> <span class='ocrx_word' id='word_1_178' title='bbox 420 3264 472 3307; x_wconf 84' lang='lat' dir='ltr'>toto</span> <span class='ocrx_word' id='word_1_179' title='bbox 489 3255 599 3320; x_wconf 88' lang='lat' dir='ltr'>epistola.</span> <span class='ocrx_word' id='word_1_180' title='bbox 623 3260 652 3305; x_wconf 81' lang='lat'>14</span> <span class='ocrx_word' id='word_1_181' title='bbox 672 3263 696 3305; x_wconf 87' lang='lat' dir='ltr'>ct</span> <span class='ocrx_word' id='word_1_182' title='bbox 717 3259 755 3304; x_wconf 82' lang='lat'>16.</span> 
     </span>
    </p>

    <p class='ocr_par' dir='ltr' id='par_1_10' title="bbox 214 3335 1353 3561">
     <span class='ocr_line' id='line_1_26' title="bbox 324 3335 1317 3406; baseline -0.006 -14"><span class='ocrx_word' id='word_1_183' title='bbox 324 3337 344 3406; x_wconf 77' lang='grc'>5)</span> <span class='ocrx_word' id='word_1_184' title='bbox 362 3341 578 3405; x_wconf 76' lang='lat' dir='ltr'>significationem</span> <span class='ocrx_word' id='word_1_185' title='bbox 604 3355 673 3391; x_wconf 86' lang='lat' dir='ltr'>vocc.</span> <span class='ocrx_word' id='word_1_186' title='bbox 700 3337 808 3404; x_wconf 73' lang='lat' dir='ltr'>quaestio</span> <span class='ocrx_word' id='word_1_187' title='bbox 831 3343 951 3402; x_wconf 81' lang='lat' dir='ltr'>perpetuu</span> <span class='ocrx_word' id='word_1_188' title='bbox 976 3349 1009 3384; x_wconf 83' lang='lat' dir='ltr'>ex</span> <span class='ocrx_word' id='word_1_189' title='bbox 1032 3335 1217 3398; x_wconf 80' lang='lat' dir='ltr'>comparatione</span> <span class='ocrx_word' id='word_1_190' title='bbox 1243 3335 1317 3387; x_wconf 80' lang='lat' dir='ltr'>edicti</span> 
     </span>
     <span class='ocr_line' id='line_1_27' title="bbox 214 3407 1353 3490; baseline -0.002 -15"><span class='ocrx_word' id='word_1_191' title='bbox 214 3453 215 3456; x_wconf 61' lang='lat'><em>=</em></span> <span class='ocrx_word' id='word_1_192' title='bbox 287 3423 401 3490; x_wconf 82' lang='lat' dir='ltr'>perpetui</span> <span class='ocrx_word' id='word_1_193' title='bbox 427 3431 452 3474; x_wconf 88' lang='lat' dir='ltr'>et</span> <span class='ocrx_word' id='word_1_194' title='bbox 478 3438 512 3473; x_wconf 84' lang='lat' dir='ltr'>ex</span> <span class='ocrx_word' id='word_1_195' title='bbox 537 3425 692 3488; x_wconf 83' lang='lat' dir='ltr'>oppositione</span> <span class='ocrx_word' id='word_1_196' title='bbox 719 3420 865 3487; x_wconf 73' lang='lat' dir='ltr'>quaestionis</span> <span class='ocrx_word' id='word_1_197' title='bbox 890 3415 1050 3484; x_wconf 69' lang='lat' dir='ltr'>temporariae</span> <span class='ocrx_word' id='word_1_198' title='bbox 1075 3418 1240 3471; x_wconf 80' lang='lat' dir='ltr'>derivandum</span> <span class='ocrx_word' id='word_1_199' title='bbox 1261 3436 1315 3473; x_wconf 82' lang='lat' dir='ltr'>osso</span> <span class='ocrx_word' id='word_1_200' title='bbox 1349 3407 1353 3413; x_wconf 38' lang='lat'><em>⁵</em></span> 
     </span>
     <span class='ocr_line' id='line_1_28' title="bbox 289 3509 617 3561; baseline 0.003 -2"><span class='ocrx_word' id='word_1_201' title='bbox 289 3518 355 3561; x_wconf 86' lang='lat' dir='ltr'>recte</span> <span class='ocrx_word' id='word_1_202' title='bbox 373 3511 474 3558; x_wconf 86' lang='lat' dir='ltr'>docetur</span> <span class='ocrx_word' id='word_1_203' title='bbox 492 3525 507 3558; x_wconf 87' lang='lat' dir='ltr'><strong>o</strong></span> <span class='ocrx_word' id='word_1_204' title='bbox 524 3509 617 3560; x_wconf 88' lang='lat' dir='ltr'>multis.</span> 
     </span>
    </p>

    <p class='ocr_par' dir='ltr' id='par_1_11' title="bbox 294 3586 1316 3742">
     <span class='ocr_line' id='line_1_29' title="bbox 328 3586 1316 3658; baseline -0.005 -13"><span class='ocrx_word' id='word_1_205' title='bbox 328 3595 367 3645; x_wconf 82' lang='lat' dir='ltr'>Cf.</span> <span class='ocrx_word' id='word_1_206' title='bbox 385 3608 457 3644; x_wconf 78' lang='lat' dir='ltr'>osto.</span> <span class='ocrx_word' id='word_1_207' title='bbox 476 3610 499 3658; x_wconf 90' lang='lat' dir='ltr'>p.</span> <span class='ocrx_word' id='word_1_208' title='bbox 522 3599 577 3644; x_wconf 77' lang='lat'>170.</span> <span class='ocrx_word' id='word_1_209' title='bbox 596 3611 622 3643; x_wconf 86' lang='lat' dir='ltr'>n.</span> <span class='ocrx_word' id='word_1_210' title='bbox 640 3598 663 3641; x_wconf 90' lang='grc'>2.</span> <span class='ocrx_word' id='word_1_211' title='bbox 687 3592 784 3653; x_wconf 79' lang='lat' dir='ltr'>Esco,</span> <span class='ocrx_word' id='word_1_212' title='bbox 801 3586 993 3640; x_wconf 68' lang='lat' dir='ltr'>Rechacesch.</span> <span class='ocrx_word' id='word_1_213' title='bbox 1011 3602 1035 3652; x_wconf 88' lang='lat' dir='ltr'>p.</span> <span class='ocrx_word' id='word_1_214' title='bbox 1052 3592 1111 3637; x_wconf 75' lang='lat'>416.</span> <span class='ocrx_word' id='word_1_215' title='bbox 1126 3604 1151 3640; x_wconf 91' lang='lat' dir='ltr'>n.</span> <span class='ocrx_word' id='word_1_216' title='bbox 1162 3594 1185 3639; x_wconf 90' lang='grc'>2.</span> <span class='ocrx_word' id='word_1_217' title='bbox 1196 3587 1244 3656; x_wconf 78' lang='lat' dir='ltr'>(ed.</span> <span class='ocrx_word' id='word_1_218' title='bbox 1255 3589 1316 3657; x_wconf 84' lang='lat' dir='ltr'>XI.)</span> 
     </span>
     <span class='ocr_line' id='line_1_30' title="bbox 294 3678 747 3742; baseline -0.011 -13"><span class='ocrx_word' id='word_1_219' title='bbox 294 3679 489 3730; x_wconf 77' lang='lat' dir='ltr'>Scnsuuuscxn</span> <span class='ocrx_word' id='word_1_220' title='bbox 506 3694 545 3742; x_wconf 93' lang='lat' dir='ltr'>op.</span> <span class='ocrx_word' id='word_1_221' title='bbox 560 3678 579 3727; x_wconf 87' lang='lat' dir='ltr'>l.</span> <span class='ocrx_word' id='word_1_222' title='bbox 597 3693 621 3742; x_wconf 92' lang='lat' dir='ltr'>p.</span> <span class='ocrx_word' id='word_1_223' title='bbox 643 3681 691 3726; x_wconf 76' lang='lat'>154</span> <span class='ocrx_word' id='word_1_224' title='bbox 710 3691 747 3740; x_wconf 89' lang='lat' dir='ltr'>sq.</span> 
     </span>
    </p>

    <p class='ocr_par' dir='ltr' id='par_1_12' title="bbox 328 3759 983 3828">
     <span class='ocr_line' id='line_1_31' title="bbox 328 3759 983 3828; baseline -0.015 -14"><span class='ocrx_word' id='word_1_225' title='bbox 328 3759 348 3828; x_wconf 71' lang='grc' dir='ltr'>ὃ)</span> <span class='ocrx_word' id='word_1_226' title='bbox 366 3764 433 3813; x_wconf 83' lang='lat' dir='ltr'>Vide</span> <span class='ocrx_word' id='word_1_227' title='bbox 450 3763 481 3811; x_wconf 89' lang='lat' dir='ltr'>da</span> <span class='ocrx_word' id='word_1_228' title='bbox 499 3777 529 3812; x_wconf 91' lang='lat' dir='ltr'>co</span> <span class='ocrx_word' id='word_1_229' title='bbox 546 3775 670 3819; x_wconf 71' lang='lat' dir='ltr'>vocamur,</span> <span class='ocrx_word' id='word_1_230' title='bbox 687 3760 745 3808; x_wconf 85' lang='lat' dir='ltr'>hist.</span> <span class='ocrx_word' id='word_1_231' title='bbox 760 3759 817 3807; x_wconf 86' lang='lat' dir='ltr'>Lot.</span> <span class='ocrx_word' id='word_1_232' title='bbox 835 3771 859 3821; x_wconf 91' lang='lat' dir='ltr'>p.</span> <span class='ocrx_word' id='word_1_233' title='bbox 879 3761 911 3806; x_wconf 88' lang='grc'>25</span> <span class='ocrx_word' id='word_1_234' title='bbox 930 3771 983 3822; x_wconf 83' lang='lat' dir='ltr'>sqq.</span> 
     </span>
    </p>

    <p class='ocr_par' dir='ltr' id='par_1_13' title="bbox 328 3842 945 3910">
     <span class='ocr_line' id='line_1_32' title="bbox 328 3842 945 3910; baseline -0.013 -11"><span class='ocrx_word' id='word_1_235' title='bbox 328 3847 349 3910; x_wconf 81' lang='grc'><strong>7)</strong></span> <span class='ocrx_word' id='word_1_236' title='bbox 367 3847 421 3899; x_wconf 87' lang='lat' dir='ltr'>C1c.</span> <span class='ocrx_word' id='word_1_237' title='bbox 437 3850 509 3898; x_wconf 85' lang='lat' dir='ltr'>Brut.</span> <span class='ocrx_word' id='word_1_238' title='bbox 530 3852 570 3897; x_wconf 82' lang='grc'>27.</span> <span class='ocrx_word' id='word_1_239' title='bbox 588 3874 624 3883; x_wconf 84' lang='grc'><strong>-</strong></span> <span class='ocrx_word' id='word_1_240' title='bbox 640 3846 731 3896; x_wconf 76' lang='lat' dir='ltr'>Sicos.</span> <span class='ocrx_word' id='word_1_241' title='bbox 746 3843 777 3892; x_wconf 85' lang='lat' dir='ltr'>do</span> <span class='ocrx_word' id='word_1_242' title='bbox 795 3842 851 3891; x_wconf 84' lang='lat' dir='ltr'>Iud.</span> <span class='ocrx_word' id='word_1_243' title='bbox 870 3842 903 3891; x_wconf 83' lang='lat' dir='ltr'>II.</span> <span class='ocrx_word' id='word_1_244' title='bbox 922 3848 945 3891; x_wconf 79' lang='lat'>4.</span> 
     </span>
    </p>

    <p class='ocr_par' dir='ltr' id='par_1_14' title="bbox 292 3928 1318 4166">
     <span class='ocr_line' id='line_1_33' title="bbox 329 3928 1316 3993; baseline -0.003 -10"><span class='ocrx_word' id='word_1_245' title='bbox 329 3934 403 3983; x_wconf 82' lang='lat' dir='ltr'>Alios</span> <span class='ocrx_word' id='word_1_246' title='bbox 436 3943 547 3983; x_wconf 83' lang='lat' dir='ltr'>auctores</span> <span class='ocrx_word' id='word_1_247' title='bbox 577 3931 634 3980; x_wconf 80' lang='lat' dir='ltr'>vido</span> <span class='ocrx_word' id='word_1_248' title='bbox 660 3929 727 3993; x_wconf 83' lang='lat' dir='ltr'>apud</span> <span class='ocrx_word' id='word_1_249' title='bbox 753 3941 902 3978; x_wconf 76' lang='lat' dir='ltr'>rmcnnnnu</span> <span class='ocrx_word' id='word_1_250' title='bbox 931 3929 964 3977; x_wconf 86' lang='lat' dir='ltr'>ad</span> <span class='ocrx_word' id='word_1_251' title='bbox 989 3929 1058 3980; x_wconf 90' lang='lat' dir='ltr'>hunc</span> <span class='ocrx_word' id='word_1_252' title='bbox 1083 3944 1186 3980; x_wconf 89' lang='lat' dir='ltr'>annum.</span> <span class='ocrx_word' id='word_1_253' title='bbox 1215 3957 1249 3965; x_wconf 96' lang='lat'>-</span> <span class='ocrx_word' id='word_1_254' title='bbox 1275 3928 1316 3980; x_wconf 82' lang='lat' dir='ltr'>ct.</span> 
     </span>
     <span class='ocr_line' id='line_1_34' title="bbox 292 4011 1318 4076; baseline -0.004 -8"><span class='ocrx_word' id='word_1_255' title='bbox 292 4033 317 4068; x_wconf 78' lang='lat' dir='ltr'>a.</span> <span class='ocrx_word' id='word_1_256' title='bbox 328 4032 519 4076; x_wconf 68' lang='lat' dir='ltr'>assensuros,</span> <span class='ocrx_word' id='word_1_257' title='bbox 538 4016 578 4065; x_wconf 86' lang='lat' dir='ltr'>die</span> <span class='ocrx_word' id='word_1_258' title='bbox 596 4011 945 4063; x_wconf 65' lang='lat' dir='ltr'>Krnninalticrichtsbarkeit</span> <span class='ocrx_word' id='word_1_259' title='bbox 954 4013 1157 4067; x_wconf 77' lang='lat' dir='ltr'>inRiimbisauf</span> <span class='ocrx_word' id='word_1_260' title='bbox 1167 4013 1318 4066; x_wconf 82' lang='lat' dir='ltr'>dieKaiser·</span> 
     </span>
     <span class='ocr_line' id='line_1_35' title="bbox 293 4098 960 4166; baseline -0.001 -14"><span class='ocrx_word' id='word_1_261' title='bbox 293 4104 348 4153; x_wconf 82' lang='lat' dir='ltr'>zcit.</span> <span class='ocrx_word' id='word_1_262' title='bbox 367 4103 456 4163; x_wconf 85' lang='lat' dir='ltr'>Bascl,</span> <span class='ocrx_word' id='word_1_263' title='bbox 473 4117 497 4166; x_wconf 92' lang='lat' dir='ltr'>p.</span> <span class='ocrx_word' id='word_1_264' title='bbox 514 4106 556 4151; x_wconf 90' lang='grc' dir='ltr'>2ο.</span> <span class='ocrx_word' id='word_1_265' title='bbox 575 4116 600 4152; x_wconf 91' lang='lat' dir='ltr'>n.</span> <span class='ocrx_word' id='word_1_266' title='bbox 620 4103 643 4148; x_wconf 90' lang='grc'>2.</span> <span class='ocrx_word' id='word_1_267' title='bbox 658 4099 703 4150; x_wconf 87' lang='lat' dir='ltr'>ubi</span> <span class='ocrx_word' id='word_1_268' title='bbox 720 4098 804 4164; x_wconf 84' lang='lat' dir='ltr'>plures</span> <span class='ocrx_word' id='word_1_269' title='bbox 819 4099 960 4152; x_wconf 83' lang='lat' dir='ltr'>laudantur.</span> 
     </span>
    </p>
   </div>
   <div class='ocr_carea' id='block_1_5' title="bbox 0 0 1478 4950">
    <p class='ocr_par' dir='ltr' id='par_1_15' title="bbox 0 0 1478 4950">
     <span class='ocr_line' id='line_1_36' title="bbox 0 0 1478 4950; baseline 0 0"><span class='ocrx_word' id='word_1_270' title='bbox 0 0 1478 4950; x_wconf 95' lang='lat' dir='ltr'> </span> 
     </span>
    </p>
   </div>
  </div>
 </body>
</html>
