2910 4950
695 454 757 520 119

205 667 282 732 nafis
308 660 511 750 probabiliter
532 659 645 746 aliquis
667 659 855 726 contendere
878 672 982 748 posset
1002 663 1082 730 illud
1105 673 1173 749 tum
1196 666 1236 732 de

210 777 323 843 iudicio
345 776 497 853 ambitus,
521 782 591 838 tum
614 770 654 838 de
672 773 782 838 ceteris
800 771 921 838 iudiciis
939 773 1072 860 publicis
1090 776 1238 843 valuisse.

210 891 369 972 Quoniam
391 888 424 951 iu
444 885 559 951 iudicio
578 907 726 951 rrunnrar
744 884 797 950 ille
816 896 919 951 custos
936 898 1131 954 memoratur
1150 889 1236 957 hunc

210 1003 318 1068 locum
340 999 392 1064 hic
415 997 655 1064 adscribendum
680 999 798 1084 putavi.

255 1114 341 1177 llaec
362 1111 464 1197 capitu
487 1111 565 1199 legis
585 1110 708 1175 Tulliae
731 1112 853 1189 inveni,
879 1135 974 1198 quam
999 1112 1102 1201 legem
1122 1123 1238 1203 rogatu

210 1247 317 1289 suurn
346 1246 481 1288 sunorcrr
514 1246 534 1287 a
566 1246 599 1287 se
630 1222 726 1288 latam
749 1245 865 1288 niceno
888 1247 953 1289 non
977 1225 1075 1289 semel
1097 1225 1182 1291 dicit.
1210 1227 1236 1314 ¹)

211 1335 283 1401 Atia
316 1336 410 1400 etiam
444 1334 546 1399 voluit
579 1356 706 1398 suavius
741 1356 897 1399 suurrcrus
931 1357 968 1398 ea
1003 1333 1074 1422 lege
1109 1358 1238 1416 cavere,

213 1469 294 1532 quac
312 1456 418 1512 tamen
437 1448 571 1510 Senatus
589 1444 767 1531 repudiavit
786 1468 916 1531 nempe:
948 1446 1195 1527 „Confusiouem
1209 1448 1236 1537 ²)

214 1558 464 1645 „suffragiorum
486 1557 646 1645 flagitasti,
670 1558 926 1645 prorogationem
942 1557 1020 1646 legis
1039 1559 1183 1625 Maniliae
1196 1597 1241 1611 -

214 1668 321 1752 „idem
345 1669 463 1735 iudices
485 1668 624 1735 editicios
649 1669 675 1759 ³)
702 1693 767 1735 esse
790 1669 948 1737 voluisti.'’
975 1670 1002 1759 ⁴)

257 1781 388 1867 Saepius
418 1780 573 1846 vocabula
603 1781 847 1863 „confusionem
877 1782 1127 1871 suffragiorum'’
1155 1784 1182 1872 ⁵)
1211 1794 1242 1850 et

214 1894 494 1980 „prorogationem
525 1893 604 1980 legis
636 1893 801 1958 Maniliae''
826 1904 1015 1979 separarunt
1038 1895 1240 1981 interpretes,

213 2004 279 2070 duo
314 2006 416 2090 capitu
449 2027 513 2070 esse
547 2005 769 2070 existimantes.
816 2005 939 2070 Idcirco
973 2028 1072 2091 quum
1105 2007 1242 2092 priorem

214 2128 337 2204 partem
356 2116 569 2201 explicabant,
582 2115 642 2180 huc
660 2116 831 2180 utebantur
846 2118 1089 2203 argumentandi
1104 2118 1242 2184 ratione:

215 2225 364 2293 Confusio
405 2227 631 2315 suffragiorum
672 2238 733 2316 est:
773 2228 915 2292 omnium
951 2229 1176 2317 suffragiorum
1211 2232 1245 2296 in

216 2325 408 2425 unaquaque
438 2338 581 2404 centuria
606 2349 662 2403 aut
684 2338 770 2403 tribu
794 2339 932 2404 latorum
955 2340 1010 2404 fiat
1033 2342 1242 2427 computatio;

216 2450 271 2538 qui
303 2453 397 2537 plura
427 2451 535 2516 tulerit
565 2451 719 2538 suffragia
749 2450 780 2516 iu
811 2452 960 2516 universo
987 2453 1011 2516 is
1039 2451 1140 2518 factus
1163 2463 1242 2520 esto:
1307 2500 1310 2505 -

215 2584 280 2628 non
292 2561 442 2649 penderet
460 2563 559 2650 igitur
577 2563 694 2628 creatio
712 2583 731 2626 a
749 2563 915 2643 centuriis,
929 2563 1010 2629 sicut
1025 2574 1131 2644 antea,
1152 2563 1206 2630 sed
1225 2585 1244 2630 a

217 2696 352 2740 numero
376 2685 586 2761 punctorum,
611 2696 693 2760 quae
716 2676 785 2760 quis
809 2675 939 2740 tulisset.

261 2787 341 2850 Rem
372 2785 464 2850 aliter
485 2784 539 2849 sed
561 2795 598 2850 ut
621 2786 745 2850 videtur
768 2785 847 2850 falso
868 2788 1016 2872 proponit
1039 2809 1169 2852 nnuuan
1195 2786 1242 2876 ο);

218 2918 294 2961 uam
323 2895 409 2981 quod
437 2894 491 2959 ille
522 2894 596 2961 dicit
625 2912 703 2960 non·
718 2908 798 2961 esset
827 2897 1054 2984 suffragiorum
1084 2899 1243 2980 confusio,

217 3007 272 3073 sed
302 3007 528 3072 centuriarum.
575 3008 726 3096 suffragii
756 3007 832 3072 latio
863 3007 956 3072 modo
979 3031 998 3073 a
1023 3032 1075 3073 me
1104 3012 1244 3096 exposita

218 3116 392 3184 secuudum
439 3139 637 3182 nnuutunmr
684 3118 819 3182 nimium
860 3118 1010 3203 temporis
1051 3119 1244 3204 postularet,

216 3251 314 3315 quam
346 3248 428 3313 quae
457 3249 523 3293 uno
551 3227 600 3293 die
630 3228 855 3294 conficeretur:
889 3241 1078 3294 eventurum
1108 3231 1245 3298 eundem

219 3340 418 3406 comitiorum
450 3341 570 3405 exitum
600 3341 626 3405 si
655 3342 815 3407 centuriae
845 3363 910 3407 non
938 3340 1111 3407 secundum
1134 3343 1247 3411 classes

254 3553 274 3618 ¹)
291 3556 346 3608 Crc.
364 3573 388 3621 p
406 3558 474 3606 Mur.
494 3562 527 3607 2³
546 3556 559 3621 §
576 3560 608 3606 47
627 3563 653 3606 et
669 3556 729 3606 ulib.

254 3637 364 3705 ²)11aec
386 3643 412 3691 in
434 3642 659 3702 commentatione,
683 3657 760 3708 quam
783 3641 865 3692 ordini
894 3642 972 3692 nobil.
995 3643 1052 3692 misi
1075 3643 1245 3709 plancalitcr

223 3739 396 3789 exposueram.

256 3805 277 3872 ⁵)
294 3810 333 3859 De
351 3809 471 3858 iudicibus
490 3810 592 3859 editiciis
607 3809 663 3859 vide
681 3809 747 3860 infra
761 3811 793 3859 ad
810 3810 893 3873 legem
910 3809 1044 3879 Liciniam.

255 3890 276 3957 ⁴)
293 3891 349 3943 Cic.
368 3908 391 3956 p.
411 3894 481 3941 Mur:
499 3897 530 3941 2³
550 3892 562 3955 ᾗ
581 3897 621 3941 tt.
1110 3957 1113 3962 Ι

256 3971 276 4042 ⁵)
294 3976 427 4038 Quomodo
449 3976 568 4040 suffragia
589 3975 665 4027 ferret
685 3976 793 4041 populus
818 3975 979 4045 (intuereris)
1004 3975 1098 4028 indicat
1114 3989 1249 4032 amanus.

223 4077 248 4125 p.
266 4075 309 4112 orn
329 4066 371 4110 21.
979 4068 984 4075 “
1185 4070 1187 4074 “

259 4141 279 4210 ⁶)
296 4146 385 4199 Dama.
405 4161 444 4211 op.
464 4145 481 4195 l.
501 4146 535 4197 V.
558 4160 583 4210 p.
603 4148 660 4194 446.
681 4161 706 4195 n.
726 4146 767 4193 61.
