2910 4950
705 410 746 475 93

259 622 306 684 Ex
338 619 398 685 boc
433 618 454 684 l.
490 627 621 705 apparet
654 617 812 705 quomodo
844 619 925 684 soliti
955 617 1073 686 fuerint
1099 620 1235 687 Romani

216 730 303 818 leges
332 730 432 808 ferre3
464 730 491 794 si
522 732 606 795 enim
637 730 743 816 aliqua
772 730 824 796 lex
850 729 1033 796 eluderetur
1053 740 1131 818 puta
1152 754 1181 797 v.
1205 755 1233 798 e.

216 839 320 930 legem
350 842 580 927 sumptuariam
611 842 787 928 quandam,
818 864 932 907 novam
963 844 1067 931 legem
1094 842 1236 913 ferebant

214 963 325 1019 contra
351 963 509 1029 sumtum,
534 954 566 1017 in
595 975 659 1040 qua
680 952 760 1019 nihil
787 964 856 1019 erat
876 956 950 1019 novi
972 956 1032 1020 nisi
1054 954 1139 1040 quod
1160 962 1235 1039 'sup-

213 1063 331 1149 plerint
352 1062 401 1140 id,
426 1061 511 1149 quod
527 1062 632 1128 deesse
650 1085 711 1128 usu
730 1062 915 1128 didiuerant:
944 1062 1026 1129 banc
1044 1063 1085 1127 ob
1107 1085 1234 1128 causam

213 1173 321 1239 scribit
352 1192 517 1239 nsconms:
555 1196 714 1261 „poenam
745 1174 958 1260 pecuniariam
984 1196 1112 1261 quoque
1141 1174 1235 1239 firisse

214 1283 424 1367 „adiectam”

257 1393 361 1461 Schol.
385 1394 463 1462 Bob.
486 1396 531 1460 sio
553 1394 662 1460 scribit
683 1395 722 1461 de
745 1395 816 1482 lege
839 1418 1036 1483 cinnanum:
1063 1396 1091 1483 ¹)

216 1494 219 1501 ⁴
257 1507 350 1588 „Lex
365 1527 543 1570 csurnnnrn
562 1507 697 1592 pecunia
713 1505 860 1572 multavit
882 1518 913 1572 et
928 1509 960 1572 in
973 1516 1162 1594 perpetuum
1178 1504 1234 1570 ho·

211 1617 369 1700 „nuribus
387 1618 474 1683 iussit
492 1639 600 1682 carere
619 1617 792 1684 damnatos.
827 1618 991 1684 Habebunt
1009 1629 1114 1684 tamen
1134 1616 1233 1682 facul·

212 1778 232 1811 „
241 1739 338 1794 tatem
361 1730 481 1794 Romae
504 1727 720 1794 demorandi.”
757 1729 802 1792 De
821 1727 1040 1795 additamentis
1057 1729 1091 1793 in
1111 1727 1234 1814 legibus

211 1839 261 1905 vel
292 1839 385 1918 Setis,
421 1841 593 1925 posteriore
622 1839 694 1927 lege
716 1850 906 1927 argumento
934 1840 995 1907 hoc
1021 1863 1086 1906 esse
1115 1849 1231 1925 potest:

210 1950 300 2017 licuit
327 1951 411 2015 enim
444 1950 599 2015 damnatis
624 1974 664 2015 ex
686 1949 757 2037 lege
780 1972 961 2016 cnnnuunm
983 1953 1103 2016 Romae
1125 1949 1233 2015 demo-

209 2063 291 2140 rari;
328 2084 368 2126 ex
401 2061 472 2146 lege
506 2060 610 2125 Tullia
640 2082 705 2125 non
733 2061 822 2124 item:
858 2083 922 2125 non
949 2060 1064 2125 licebat
1093 2082 1132 2123 ex
1162 2059 1232 2145 lege

210 2194 391 2237 crurunnm
424 2172 608 2235 Senatorem
642 2192 787 2250 manere3
823 2194 863 2236 ex
896 2169 967 2258 lege
1000 2169 1106 2235 Tullia
1138 2168 1232 2234 exilio

208 2283 422 2371 puniebantur
443 2283 617 2374 Senatores.

252 2397 315 2459 Dru
339 2414 463 2458 cassius
486 2393 530 2458 sic
552 2391 694 2478 loquitur
715 2393 762 2480 ²):
796 2394 1018 2475 „demerita
1037 2391 1110 2472 πρὸς
1128 2391 1229 2455 αὐτῶν

209 2514 292 2592 „scir
307 2503 433 2572 inuisus
450 2506 533 2585 μήτε
549 2503 675 2587 ἄρχειν,
698 2508 781 2584 μήτε
801 2507 963 2585 βουλεύειν
983 2511 1071 2588 σφῶν
1091 2503 1228 2583 μηδένα,

211 2619 325 2702 „uitari
349 2618 401 2682 aa}
425 2621 583 2699 χρήματα
606 2618 898 2701 προσοφλισκάνειν.

252 2733 317 2795 Hos
346 2739 409 2795 tres
441 2729 528 2795 locos
554 2730 598 2794 sic
624 2729 766 2795 ordinavi
795 2729 842 2816 ³),
878 2731 1028 2815 quoniam
1058 2727 1138 2793 alius
1168 2725 1231 2791 alio

208 2841 303 2928 plura
325 2841 500 2919 contiueat3
529 2862 604 2904 nam
627 2839 712 2924 quod
735 2839 840 2906 Schol.
863 2841 939 2907 Bob.
964 2840 1050 2906 dicit:
1076 2841 1134 2920 „in
1154 2862 1230 2924 per-

209 2962 369 3040 „petuum
398 2951 488 3015 iussit
517 2950 691 3016 honoribus
722 2928 830 3015 carere
857 2950 1022 3015 damnatos
1043 2949 1123 3015 nihil
1144 2949 1231 3015 aliud

210 3074 256 3129 est
285 3062 345 3128 nisi
373 3060 433 3126 boe
460 3084 583 3128 uronis:
612 3062 694 3140 μήτε
720 3061 842 3142 ἄρχειν.
890 3062 932 3127 At
953 3085 993 3127 ex
1018 3082 1112 3126 moun
1135 3081 1230 3146 appa-

221 3203 461 3215 ῥ-

168 3305 174 3313 ,
244 3250 631 3318 ι)ὃο1ιο1.Βο1).ρ.οιι.’361.

242 3335 263 3403 ¹)
281 3338 333 3388 D10
350 3351 452 3388 csssrus
470 3337 608 3397 XXXVI,
630 3342 672 3387 21.

243 3418 263 3488 ⁸)
280 3423 314 3471 In
337 3423 446 3472 editione
472 3422 701 3486 Encyclopaudiue‚
728 3436 805 3487 quam
829 3429 949 3473 curarunt
973 3433 1059 3472 rusca
1080 3427 1105 3471 at
1127 3422 1231 3470 sainna

209 3507 301 3571 legitur
327 3507 495 3571 fragmentum
521 3509 589 3572 qnod
614 3508 741 3558 invenitur
767 3509 833 3572 apud
858 3521 962 3558 norrun
987 3521 1153 3559 nuscanum
1175 3521 1230 3556 voc.

207 3591 319 3657 priora:
337 3593 371 3656 (p.
390 3591 593 3642 subeuntum.
612 3600 638 3641 et
655 3605 787 3642 samson.
806 3594 917 3644 Basilina
938 3594 1026 3655 latet:

376 3675 541 3727 ‘ncnnrnum
558 3691 633 3727 saara
649 3677 705 3740 lege
724 3679 751 3727 in
769 3691 869 3727 arsonis
884 3678 1035 3742 reprehendi

383 3762 529 3826 ueduxique
550 3763 663 3812 animam
683 3763 710 3813 iu
727 3763 876 3826 primoribus
894 3763 992 3822 nartrss'

208 3846 381 3910 aucipieudum
404 3861 457 3897 essu
480 3848 512 3897 da
532 3847 589 3910 lege
605 3848 713 3897 ambitus
733 3863 749 3897 a
772 3860 922 3897 strennuo
945 3846 1004 3895 lata.
1040 3844 1115 3905 Quod
1131 3842 1153 3891 si
1169 3841 1231 3906 quid

210 3929 279 3978 aliud
295 3927 456 3980 falsissimum
473 3938 517 3980 est
550 3931 625 3981 Vixit
642 3915 711 3982 anim
728 3944 848 3982 summus
866 3933 942 3994 louge
965 3937 1101 3994 antequam
1117 3939 1230 3977 esurus-

208 4024 269 4062 mus
292 4013 465 4075 magistratum
487 4022 571 4078 petam
594 4022 683 4077 possm
719 4016 788 4065 Vide
809 4031 834 4065 v.
852 4031 873 4065 c.
903 4022 1017 4065 veterum
1037 4015 1181 4065 testimonia
1198 4014 1230 4064 de

210 4109 316 4146 sucrum
333 4097 438 4149 collecta
455 4099 481 4148 in
500 4100 538 4149 etl.
557 4113 732 4151 nssnamr.
752 4101 782 4150 L.
792 4102 823 4151 Β.
845 4104 917 4151 1743.
936 4117 960 4166 n
982 4103 1039 4151 171.
1058 4114 1110 4165 sqq.
