2910 4950
728 395 746 456 7

223 608 360 681 „nostra
381 596 574 677 celebratur,
598 598 624 662 si
653 596 812 663 interdum
841 596 881 662 ad
911 597 1016 664 sorum
1040 597 1241 675 deducimur,

223 712 278 793 „rt'
297 735 358 778 auo
379 711 521 776 laetae
541 711 641 796 matio
670 711 865 776 trottestumar
889 707 1059 798 diligenter
1084 707 1243 775 observari

221 822 395 905 „videmur
415 832 447 887 et
469 820 564 887 eoli.''

265 933 362 999 Aliud
380 920 482 1021 genus
503 932 668 999 homiuum
685 935 866 999 salutatores
887 931 1047 999 dicuutur.
1072 932 1135 1013 Qui
1156 930 1242 997 euim

221 1045 342 1133 aliquid
369 1045 515 1111 valebant
544 1044 571 1133 ¹)
605 1067 697 1110 mane
730 1045 763 1110 in
796 1045 877 1110 atrio
912 1042 1022 1110 sedere
1042 1042 1186 1110 solebant
1207 1055 1244 1109 ut

221 1158 356 1236 amieos,
384 1156 513 1222 clientes
534 1155 675 1242 aliosque
698 1155 752 1242 qui
775 1157 810 1222 iie
836 1155 972 1222 devincti
996 1164 1099 1221 essent
1126 1155 1241 1240 recope-

220 1275 289 1336 rent
313 1268 339 1354 2)
366 1269 537 1334 salutatum
560 1269 734 1334 venientes:
759 1268 844 1355 quod
867 1291 944 1355 prae
966 1268 1077 1333 ceteris
1099 1266 1243 1332 focerunt

220 1379 424 1466 magistratus
448 1377 476 1467 ³)
501 1390 533 1444 et
551 1378 707 1445 candidati
726 1378 766 1468 ⁴).
797 1381 872 1445 Erat
893 1378 950 1445 illa
971 1377 1118 1444 salutatio
1136 1388 1241 1443 tamen

219 1491 283 1556 iam
301 1501 443 1577 tempore
457 1513 624 1556 crcauorrs
643 1501 764 1557 mutata
779 1491 818 1556 ab
837 1492 968 1578 antiquo
982 1491 1137 1557 instituto:
1162 1489 1241 1575 „qui
1302 1469 1306 1476 ²

219 1653 238 1685 „
250 1602 460 1692 (salutatores)
489 1602 638 1690 vulgares
660 1612 735 1668 sunt
756 1613 788 1668 et
809 1602 869 1670 hac
890 1603 1134 1680 consuetudine,
1159 1623 1241 1687 quac

220 1736 335 1796 „nunc
351 1725 415 1792 est,
439 1714 546 1800 plures
569 1714 721 1780 veuiunt”
745 1714 771 1802 15)
798 1735 879 1801 quae
902 1738 967 1780 non
988 1723 1064 1780 sunt
1084 1712 1244 1778 intellecta

219 1826 261 1891 ab
282 1849 384 1892 norm
410 1825 438 1914 ο)
469 1828 524 1913 qui
554 1828 661 1912 priora
687 1827 784 1892 verba
810 1827 855 1893 sic
880 1826 1047 1914 explicuit:
1071 1826 1124 1913 qai
1145 1825 1244 1910 mepta

218 1938 360 2024 eulpam
377 1938 437 2004 ie.
459 1939 616 2019 „minoris
628 1939 779 2003 momenti
797 1949 830 2003 et
840 1936 1036 2024 splendoris''
1050 1935 1135 2023 quod
1147 1936 1242 2024 longe

216 2071 308 2115 secus
329 2059 386 2115 est
432 2049 574 2131 Qumrus
609 2048 649 2114 fr.
685 2048 772 2113 dicit:
808 2051 941 2113 veniunt
972 2047 1020 2112 illi
1056 2047 1243 2113 salutatores

217 2159 302 2248 apud
320 2171 349 2226 te
366 2172 398 2226 et
413 2162 631 2248 competitores
649 2170 720 2226 tuos
743 2170 775 2226 et
796 2159 879 2225 hanc
897 2159 938 2225 ob
960 2181 1085 2225 causam
1102 2161 1243 2244 culparer

215 2292 270 2337 eos
285 2269 373 2349 dicit,
398 2269 564 2356 additque:
588 2268 696 2356 plures
715 2270 847 2335 veniunt
864 2269 924 2335 hac
942 2269 1168 2336 consuetudine
1178 2270 1198 2336 i.
1212 2294 1240 2338 e.

217 2404 317 2468 quum
330 2382 384 2469 qui
396 2382 524 2468 proprie
535 2382 754 2469 competitores
770 2392 841 2448 tuos
859 2381 984 2462 colunt,
997 2383 1092 2448 etium
1111 2392 1142 2447 te
1156 2382 1240 2448 salu-

214 2502 292 2572 tant,
301 2494 386 2580 quod
398 2518 438 2558 ex
449 2495 499 2572 iis,
509 2516 591 2580 quae
604 2517 678 2560 mox
689 2504 878 2580 sequuntur,
887 2492 959 2578 laec
971 2493 1088 2560 clarius
1099 2504 1239 2581 apparet

211 2742 342 2797 mmor,
359 2736 427 2801 quor
450 2741 533 2786 onor
555 2734 602 2784 uu
618 2732 686 2792 viru
705 2733 796 2783 strnue
813 2733 835 2782 si
851 2739 918 2783 roeo
935 2731 993 2782 tat
1010 2720 1140 2794 scitum,
1157 2732 1241 2784 urcen-

210 2820 273 2870 dmn
290 2827 341 2870 est:
360 2825 410 2868 out
426 2818 571 2868 candidatos
588 2831 607 2866 s
626 2831 680 2866 noc.
695 2823 754 2866 sect.
772 2824 790 2865 t.
807 2816 863 2879 dr]

247 2900 355 2967 ¹t11iuc
372 2900 549 2964 explicandum
562 2899 631 2963 quod
647 2912 742 2948 cucero
759 2899 825 2948 dixit
838 2915 863 2963 p.
881 2899 949 2948 Mur.
964 2904 998 2949 34
1014 2901 1029 2961 ξ
1046 2904 1075 2950 71
1095 2899 1127 2949 de
1144 2902 1240 2952 tenuio
1296 2926 1303 2937 ·

211 2987 295 3038 ribuar
314 2986 381 3050 uipsi
397 2985 519 3049 denique,
537 2990 567 3033 ut
582 2982 666 3033 solent
682 2981 764 3047 loqui,
783 2997 834 3031 non
847 2980 931 3033 dicere
945 2982 1086 3046 pronobis,
1102 2996 1153 3032 non
1167 2998 1239 3049 apon-

211 3073 284 3132 dem,
301 3086 347 3119 mn
360 3084 446 3119 vocure
462 3066 554 3117 domm
567 3082 635 3116 saum
646 3070 773 3132 ponant?

246 3152 266 3222 ²)
284 3155 373 3206 Maur.
383 3155 430 3219 Ep
440 3154 490 3204 IV.
509 3157 534 3203 8.
570 3152 679 3202 uPrima
695 3153 832 3225 salutantes
845 3160 921 3217 atque
938 3151 1018 3201 alteru
1034 3150 1241 3202 continothora.”

209 3241 290 3293 Plura
306 3241 338 3291 de
355 3241 395 3291 hia
411 3239 514 3303 collegit
531 3251 667 3289 emerus
685 3238 743 3303 diso.
761 3238 779 3286 l.
797 3253 822 3303 p.
844 3242 883 3287 ll.
902 3253 939 3303 eq.
958 3239 973 3301 §
990 3241 1013 3286 9.

244 3320 266 3389 ⁵)
282 3326 379 3376 Notum
396 3331 434 3377 ost
451 3324 515 3373 illud
530 3323 663 3373 consilium
684 3323 792 3373 duorum
814 3323 993 3374 coniurationia
1009 3321 1084 3385 Catil.
1100 3322 1239 3383 sociorum,

208 3409 254 3473 qui
277 3422 427 3459 merrom
447 3409 614 3459 interficerent
636 3407 766 3458 cumulem
788 3423 867 3473 quum
889 3408 1024 3458 salutatum
1041 3407 1185 3458 veniebant.
1203 3434 1239 3445 -

209 3494 289 3544 Sur.
308 3486 414 3544 BsCut.
434 3497 475 3541 28.
493 3493 524 3543 cl.
544 3492 576 3554 Q.
594 3492 624 3541 sr.
643 3493 674 3542 dc
691 3503 741 3556 pot.
759 3508 826 3543 cous.
849 3499 879 3542 1³
897 3493 910 3559 t
928 3499 970 3543 50.

243 3572 263 3641 ⁴)
282 3577 314 3637 Q.
333 3577 363 3626 tr.
381 3578 413 3627 do
431 3584 480 3641 pet.
498 3577 574 3628 Cone.
597 3582 624 3624 lt
646 3578 715 3641 §tt
734 3605 769 3612 —
783 3578 837 3626 Cic.
862 3579 895 3626 ml
912 3577 967 3627 Att.
987 3577 1036 3627 VI.
1056 3582 1080 3625 2.
1123 3577 1238 3627 nAditua

209 3663 262 3713 vad
278 3676 320 3711 me
337 3664 442 3713 minimo
460 3661 638 3727 provincialem
665 3661 729 3710 nihil
752 3676 797 3725 per
810 3662 1005 3720 cubicularium
1023 3670 1081 3711 unta
1100 3661 1182 3711 lucem
1200 3662 1236 3711 in·

210 3745 611 3810 umbulabamdomi,utoli1n
629 3743 796 3795 comedatur
831 3746 873 3795 lix
887 3762 938 3811 quo
951 3746 1006 3796 loco
1020 3760 1139 3811 apparare
1156 3753 1237 3810 potest
1309 3746 1314 3753 '

208 3830 336 3881 ternanos
353 3831 380 3878 in
398 3831 544 3894 provinciis,
562 3844 614 3880 nou
632 3830 720 3881 eadem
735 3830 810 3880 tumre
826 3830 1002 3881 bericroleutia
1015 3831 1043 3880 iu
1056 3829 1236 3895 provinciales,

207 3930 284 3981 quam
301 3916 438 3967 Romatio
456 3915 581 3977 Quirites,
597 3916 621 3965 oi
637 3915 759 3965 honorem
776 3916 902 3980 petatium.

243 3998 263 4066 ⁵)
280 4000 313 4062 Q„
332 4001 388 4053 frat.
402 4001 435 4052 ts
451 4008 501 4065 pet.
519 4000 596 4052 eom.
615 4005 630 4049 a
649 4000 718 4063 tet.

242 4082 263 4151 6)
280 4088 313 4137 In
331 4087 440 4139 editione
458 4086 516 4137 libri
532 4086 564 4136 de
579 4083 693 4151 petitione
711 4084 853 4136 casulatus.
880 4085 981 4150 Lipeiae
1003 4089 1077 4135 leet.
