2910 4950
625 374 665 437 15

135 584 277 652 solebant
299 580 455 648 candidati
477 581 540 644 iam
564 577 736 664 antiquitus
762 577 787 665 ¹)
814 577 908 643 etiam
931 588 1021 644 entra
1044 579 1155 646 urbem

135 717 302 785 prensare,
334 693 420 771 fora,
447 688 658 756 'conciliabula
680 688 784 768 obire,
815 699 853 754 ιιι
874 689 1065 757 rusticorum
1087 691 1158 757 suf-

136 807 238 896 fragia
256 805 314 872 sibi
331 812 570 890 compararent,
595 798 680 887 quod
702 800 796 865 etiam
815 812 921 887 postea
939 800 1059 868 iactum
1077 825 1158 881 esse,

138 929 261 986 constat
282 938 449 982 orcanorrs
465 912 627 1001 exemplo,
652 912 707 999 qui
723 912 856 979 simulac
874 936 975 1000 remp.
1000 936 1161 1000 capessere

137 1033 315 1117 inceperat,
339 1030 359 1095 i.
384 1052 412 1094 e.
444 1050 544 1114 quum
576 1036 746 1113 quaestura
768 1024 898 1091 functus
919 1037 1005 1106 erat,
1036 1026 1161 1092 Italiam

24 1214 29 1223 ,
138 1141 336 1230 peragravit,
368 1149 405 1203 nt
430 1138 517 1204 locos
544 1137 730 1216 nobiliores,
754 1137 810 1202 ubi
832 1140 965 1225 quisque
984 1138 1160 1219 habitaret,

139 1276 219 1340 quos
242 1252 375 1340 quisque
399 1249 530 1316 haberet
551 1250 668 1315 amicos
690 1266 723 1313 et
743 1271 838 1337 agros
860 1259 932 1316 cett.
957 1252 1065 1317 omnia
1086 1274 1162 1340 cog·

138 1373 283 1429 nosceret
295 1361 323 1449 ²)
350 1383 432 1438 non,
457 1360 570 1437 oredo,
594 1368 632 1423 ut
653 1380 857 1423 ruursncuus
876 1360 936 1436 ait,
962 1359 1048 1445 quod
1070 1371 1164 1448 turpe

139 1485 221 1540 esset
241 1473 287 1552 ei,
319 1471 375 1559 qni
397 1471 475 1557 reip.
505 1479 677 1557 praeesset,
702 1468 851 1556 ignorare
874 1469 1010 1535 rationes
1032 1494 1162 1552 eorum,

138 1608 277 1673 quorum
312 1582 477 1649 commoda
510 1582 543 1647 in
577 1582 764 1669 magistratu
794 1604 909 1647 curare
937 1581 1081 1662 deberet,
1110 1584 1164 1650 sed

139 1695 290 1784 quoniam
311 1693 390 1759 haec
412 1693 505 1758 unica
527 1693 713 1770 reticeret,
736 1693 922 1777 praesertim
940 1716 1024 1758 novo
1041 1692 1165 1760 homini

137 1819 176 1874 ut
197 1808 423 1895 suffragatores
443 1804 679 1870 nancisceretur
701 1803 743 1890 ⁸).

185 1920 287 1983 Huius
305 1916 492 1983 assiduitatis
508 1914 637 1981 nullum
656 1924 702 1980 est
721 1924 942 2001 praeceptum,
961 1914 1038 1982 dicit
1048 1917 1088 1999 Q.
1100 1916 1165 1983 fra·

139 2039 190 2094 ter
211 2037 244 2092 et
265 2025 352 2091 addit
375 2024 402 2112 ι)
438 2046 534 2110 quam
563 2023 774 2088 necessarium
803 2024 899 2089 fuerit
927 2047 1019 2111 saepe
1040 2025 1166 2093 eosdem

142 2137 323 2226 appellare,
336 2134 421 2222 qnod
443 2136 539 2200 etiam
561 2144 694 2201 testatur
715 2156 832 2200 cremo
852 2134 897 2222 ⁶):
919 2135 1080 2222 „populus
1098 2137 1165 2222 ple-

141 2271 308 2334 „rumque
338 2256 484 2311 movetur
513 2247 632 2334 gratia,
665 2245 748 2310 cedit
769 2245 932 2332 precibus,
956 2247 1031 2312 facit
1052 2272 1122 2328 eos,
1147 2272 1167 2316 a

140 2412 160 2443 ,‚
170 2359 284 2446 quibus
300 2359 437 2423 maxime
455 2367 501 2422 est
515 2355 692 2435 ambitus;'’
716 2358 749 2421 e't
762 2356 871 2443 paullo
886 2368 972 2444 post:
997 2369 1166 2441 „nostrum

142 2481 217 2554 „est
249 2470 402 2547 honores,
438 2469 463 2534 si
497 2469 606 2556 magni
646 2491 710 2533 non
746 2480 913 2554 putemus,
951 2492 1016 2537 non
1050 2473 1168 2539 servire

142 2634 161 2666 „
212 2580 306 2668 pulo:
324 2581 371 2646 sin
383 2602 436 2645 eos
454 2591 654 2666 expetamus,
667 2603 732 2645 non
747 2579 913 2669 defatigari
926 2583 1166 2670 supplicando.’'

185 2693 309 2777 Quibus
327 2693 404 2758 locis
422 2691 602 2757 addendum
622 2703 700 2779 puto
719 2691 800 2757 illud
818 2692 935 2759 dictum
949 2716 1116 2763 crcunorus
1136 2695 1164 2783 ⁶)

141 2813 181 2869 ut
201 2813 324 2870 constet
345 2825 441 2890 quam
465 2802 666 2890 impudenter
689 2826 816 2869 caussae
838 2826 914 2870 suae
943 2806 1059 2872 servire
1082 2806 1166 2874 sole-

139 2927 212 2981 rent
246 2914 400 2981 Romani:
436 2915 603 3001 „primum
638 2914 696 2978 ista
729 2926 835 2979 nostro
856 2917 1033 2997 msiduitas,
1058 2919 1164 2997 Servi,

140 3025 269 3110 „nescis
297 3032 454 3109 quantum
487 3021 648 3089 interdum
677 3024 790 3089 afferat
821 3023 1001 3092 hominibus
1023 3027 1165 3114 fastidii,

138 3148 287 3226 quantum
308 3134 466 3202 satietatis.

184 3247 311 3316 Maioris
332 3244 502 3323 momenti,
527 3266 623 3331 quam
646 3244 725 3312 haec
746 3246 852 3313 omnia
873 3255 937 3312 ast:

173 3565 193 3631 ¹)
210 3565 278 3617 Vide
295 3564 328 3614 ad
344 3564 429 3627 legem
445 3560 593 3613 Poetelium.

173 3647 196 3715 ²)
212 3650 293 3700 Puur.
312 3648 364 3699 Cio.
386 3652 409 3698 7.
563 3645 569 3656 '

173 3731 194 3800 ὅ)
212 3734 333 3784 Solebuut
347 3732 484 3796 municipia
501 3738 526 3781 et
542 3729 683 3781 vicinitates
699 3729 848 3798 plerumque
864 3733 1032 3799 municipibus
1050 3737 1100 3793 suis
1117 3736 1166 3789 stri·

138 3818 237 3882 fragori
253 3845 289 3854 —
307 3816 375 3867 Vide
392 3832 417 3864 v.
436 3831 458 3865 e.
476 3828 526 3865 crc.
544 3830 569 3879 p.
584 3814 673 3865 Plane
690 3820 705 3866 8
725 3818 740 3880 §
760 3821 790 3866 19
809 3832 863 3883 sqq.

174 3898 196 3967 ⁴)
213 3900 245 3962 Q.
261 3900 317 3950 frat.
336 3901 368 3948 de
385 3906 435 3963 pet
453 3913 519 3949 cons.
540 3904 568 3947 ll
591 3901 606 3962 5
624 3904 665 3950 te.

174 3982 195 4050 ⁵)
212 3984 267 4036 Cre.
286 4000 311 4048 p.
329 3982 417 4033 Plane.
436 3989 452 4032 4
471 3985 487 4046 ς
504 3989 519 4031 9
538 3997 574 4049 sq.

172 4066 193 4135 ὓ)
211 4068 265 4118 Cre.
285 4083 308 4131 p.
327 4067 394 4115 Mur.
415 4071 429 4114 9
449 4066 464 4127 §
483 4071 524 4115 ιι.
