2910 4950
619 411 682 476 159

141 619 358 708 accusator1).
406 621 506 685 Causa
522 616 605 684 cadit
619 619 654 683 in
677 639 817 683 mensem
836 618 1027 700 Quinctilem
1047 642 1077 687 a.
1089 642 1122 687 u.
1136 641 1163 686 c.

143 734 218 800 700.
242 756 271 800 a.
295 734 328 799 C.
354 731 411 809 54,
435 729 489 796 sed
511 740 551 795 ex'
574 753 638 816 qua
659 731 808 815 petitione
830 753 904 796 reus
927 731 1024 797 fucrit
1045 752 1075 798 u.
1093 755 1167 797 ims-

141 868 204 911 srus
235 844 366 932 planum
396 866 461 909 nou
489 853 545 910 est.
591 842 663 907 Fuit
688 843 772 907 enim
799 852 839 909 tr.
859 842 902 929 pl.
928 865 1029 931 quum
1051 864 1169 909 crunno

144 965 309 1023 revocatus
331 964 392 1034 est;
425 955 522 1042 igitur
545 976 574 1020 a.
600 977 631 1020 u.
652 977 679 1020 c.
701 954 776 1020 697.
800 976 829 1020 a.
852 955 885 1020 C.
907 953 950 1020 57
974 977 1116 1019 namuco
1138 964 1171 1020 et
1210 985 1218 1000 .

144 1090 289 1134 nursino
310 1090 386 1134 coss.
421 1066 641 1132 Revocabatur
656 1077 762 1152 postea
778 1066 843 1152 ipse
862 1089 879 1130 e
895 1065 1052 1154 legatione
1068 1089 1170 1153 quum

145 1203 277 1246 clusani
307 1202 380 1244 eum
404 1179 527 1268 legarat
548 1202 654 1244 Arrius
674 1177 715 1268 2).
766 1179 869 1265 Igitur
894 1202 1016 1243 uussrns
1038 1188 1108 1264 post
1129 1187 1169 1246 tr.

143 1293 187 1380 pl.
207 1291 335 1358 nullum
355 1293 449 1381 gessit
469 1293 705 1380 magistratum,
732 1313 834 1377 quum
853 1289 892 1355 de
910 1289 1063 1355 sodaliciis
1081 1298 1172 1375 pete·
1280 1286 1283 1291 “

143 1403 251 1469 batur.
284 1402 480 1467 'Absolutus
509 1411 572 1481 est,
603 1424 679 1468 uam
705 1401 820 1466 dicitur
842 1400 1002 1466 aedilicius
1019 1399 1173 1487 proficisci

144 1516 247 1580 iussus
265 1536 285 1578 a
308 1536 448 1579 cassian
464 1513 640 1593 Achillam,
661 1513 792 1578 liberam
814 1511 940 1578 Africae
959 1513 1116 1578 civitatem
1129 1510 1171 1601 ⁸).

143 1625 260 1692 Eodem
298 1649 384 1692 anno
420 1627 531 1714 paullo
570 1636 640 1714 post
677 1648 808 1693 unssmu
841 1624 880 1691 dc
913 1624 1067 1692 sodaliciis
1099 1628 1173 1692 r'eus

144 1736 251 1803 factus
281 1747 343 1803 est:

192 1850 233 1915 ll.
280 1850 315 1915 P.
340 1871 497 1915 vurmius.

188 1960 234 2023 De
256 1958 350 2023 huius
374 1982 485 2025 causae
507 1958 642 2025 dictione
660 1958 763 2023 multa
785 1958 939 2044 leguntur
961 1957 1047 2043 apud
1069 1957 1172 2025 diver·

144 2092 195 2136 sos
213 2072 395 2156 scriptores,
413 2092 514 2156 quum
528 2071 658 2156 insuper
673 2068 775 2133 multu
791 2068 980 2133 accusatoris
996 2068 1175 2156 fragmenta

144 2181 184 2248 nd
206 2204 264 2247 nos
287 2191 511 2268 pervenerunt.
556 2181 599 2246 At
625 2179 789 2246 exstabant
814 2189 887 2244 ante
910 2202 1121 2247 nonusnnruu
1141 2181 1169 2271 ⁴)

144 2294 264 2360 multae
289 2294 329 2358 de
351 2293 411 2359 hac
434 2315 542 2358 caussa
565 2294 727 2379 opiniones
750 2290 904 2369 diversae,
936 2314 1014 2379 quas
1036 2293 1090 2358 ille
1112 2315 1173 2380 pro

144 2407 262 2470 maiore
284 2417 374 2492 parte
396 2405 581 2492 composuit.
628 2404 754 2471 Scilicet
772 2404 894 2490 primus
916 2426 1007 2471 error
1025 2404 1098 2470 inde
1114 2428 1171 2471 na·

144 2525 195 2582 tus
214 2526 261 2582 est
279 2517 365 2604 quod
384 2540 531 2584 vinnius
549 2541 650 2605 quum
675 2517 721 2583 bis
740 2518 855 2603 petitus
876 2516 917 2582 sit
938 2540 979 2581 ex
1000 2516 1072 2605 lege
1089 2516 1172 2583 Lici·

144 2630 197 2694 nia
220 2639 251 2694 et
272 2652 313 2694 ex
336 2629 407 2717 lege
425 2629 545 2695 Licinia
563 2627 671 2709 Iunia,
692 2651 722 2696 c.
742 2652 887 2695 srcrrinu
905 2651 1035 2695 cinvuu
1052 2628 1172 2694 habue-

143 2740 185 2804 rit
218 2749 444 2805 accusatorem.
491 2739 663 2809 Videamus
693 2739 769 2825 quid
803 2762 936 2804 vicinio
971 2739 1068 2804 fuerit
1097 2760 1172 2804 cum

144 2849 216 2937 lege
250 2847 288 2914 de
321 2848 491 2928 sodaliciis3
524 2847 578 2914 sed
607 2850 747 2935 primum
778 2849 885 2934 paucis
915 2857 961 2913 cst
986 2846 1173 2934 exponenda

142 2958 259 3025 horum
285 2967 467 3044 temporum
494 2956 640 3024 conditio.
686 2959 760 3022 Post
782 2979 948 3023 crcsnonrs
971 2958 1171 3025 consulatum
1224 3029 1228 3037 ,

143 3092 243 3159 quum
273 3069 419 3150 nullum,
443 3077 480 3133 ut
502 3070 563 3148 ait,
587 3067 766 3156 periculum
788 3069 821 3133 in
845 3091 935 3134 mora
956 3079 1052 3148 esset,
1076 3069 1171 3149 boni,

142 3193 180 3249 ut
214 3205 330 3250 crunno
357 3206 410 3249 eos
433 3182 587 3270 appellat,
612 3206 691 3270 quos
713 3183 768 3248 ille
791 3184 1011 3263 coniunxerat,
1034 3183 1117 3248 inter
1139 3206 1173 3250 sc

143 3293 232 3362 divisi
268 3305 374 3376 erant;
411 3296 552 3382 equites·
566 3295 652 3362 enim
685 3316 786 3383 paene
819 3317 839 3360 a
872 3297 994 3361 Senatu
1025 3294 1173 3362 disiuncti

176 3598 196 3666 ¹)
214 3600 310 3652 Sumo.
334 3586 420 3653 eontr'.
441 3602 493 3652 111.
521 3606 559 3650 is.
582 3613 608 3650 s.
634 3612 781 3650 wmcmm.
805 3599 878 3650 Post.
900 3599 958 3651 Lat.
976 3600 1048 3666 reliq.
1067 3601 1080 3665 p
1100 3604 1122 3652 ⁷.
1145 3616 1171 3667 μ

151 3691 199 3834 llll
213 3700 338 3820 illem.
354 3783 394 3833 op.
412 3768 430 3818 1.
445 3768 478 3817 ad
492 3769 560 3818 hunc
577 3782 681 3817 annum.
708 3767 855 3815 normam.
871 3781 912 3830 op.
928 3765 946 3815 l.
961 3781 985 3830 p.
1003 3770 1043 3816 70.
1059 3774 1173 3832 tempora

141 3856 269 3920 perturbat
273 3877 280 3914 ;
305 3869 365 3903 narn
387 3853 476 3903 eodem
498 3869 566 3903 anno
590 3853 673 3917 legem
686 3852 812 3903 Liciniam
826 3852 906 3903 laum
920 3852 981 3902 dicit
993 3867 1045 3916 quo
1063 3865 1173 3905 ausurus

142 3939 236 4003 aliique
254 3938 363 3986 accusati
380 3943 446 3985 sunt.

175 4021 196 4087 ⁵)
214 4025 311 4074 Auctor
330 4023 390 4073 belli
408 4021 466 4072 afr.
485 4025 527 4071 33.

176 4104 197 4172 ⁴)
216 4109 363 4159 Morinum.
380 4121 421 4173 op.
438 4106 457 4157 1.
475 4119 500 4170 p.
520 4108 552 4157 70
570 4120 622 4171 sqq.
641 4121 667 4156 n.
685 4110 727 4156 ³³.
768 4104 861 4159 Duum.
879 4105 913 4160 Υ.
934 4108 994 4155 688.
1013 4121 1039 4156 n.
1058 4109 1102 4156 59.
