2910 4950
647 450 686 513 19

150 655 262 747 polus,
294 657 345 724 vei
375 655 509 735 iudices,
540 655 672 723 tabellas
700 667 870 725 secernunt
898 658 1169 751 (depouillement)

149 780 201 849 ut,
226 769 303 858 quid
325 770 485 836 sententiis
508 764 626 835 iussum
649 768 704 850 sit,
729 772 902 839 innoteseat
927 772 967 862 ¹).

191 884 347 949 Divisores
368 893 480 949 eontra
508 894 615 961 erant,
650 884 688 973 (si
710 883 749 950 de
774 885 895 951 ambitu
921 907 1024 952 sermo
1046 886 1104 974 est)
1130 887 1168 965 ii,

146 996 201 1082 qni
224 995 391 1082 pecuniam
420 995 656 1082 pronuntiatam
679 1018 699 1062 a
722 995 909 1079 candidatis,
941 998 1086 1064 tribubus
1107 999 1170 1064 sin-

146 1108 231 1196 gulis
258 1107 454 1187 dividebant,
484 1106 536 1173 vel
565 1109 660 1174 etiam
683 1109 738 1196 qui
760 1119 846 1175 certa
869 1111 1021 1197 pecuniae
1044 1131 1170 1177 summa

145 1229 248 1286 totum
266 1220 449 1286 redimerent
479 1218 703 1305 corrumpendi
721 1222 902 1309 negotium,
927 1222 970 1287 ita
993 1231 1030 1287 nt
1057 1243 1170 1287 eorum

144 1332 301 1397 societates
323 1338 613 1396 commemorentur
637 1329 678 1418 ²).

191 1441 276 1525 Quid
306 1439 439 1523 fecerint
466 1450 498 1506 et
523 1440 578 1506 ubi
601 1440 800 1507 exercuerint
830 1464 947 1508 munus
970 1441 1169 1509 indicatura

147 1574 305 1619 stennone
333 1551 381 1618 his
408 1550 509 1616 verbis
534 1549 560 1639 ³)
597 1600 616 1633 ,‚
625 1562 662 1617 ut
695 1573 755 1639 ego
784 1573 888 1637 nuper
917 1574 1066 1618 nuenton
1092 1554 1169 1618 divi·

145 1687 270 1749 „eorem
293 1673 330 1728 ut
351 1684 574 1729 rnorromnws
592 1660 633 1727 nd
655 1662 798 1742 Troiam,
825 1663 869 1728 sie
887 1662 979 1729 illum
997 1665 1030 1728 in
1049 1664 1168 1750 Campo

68 1811 71 1814 ·
145 1777 276 1860 ,niardo
286 1798 403 1842 nomen
414 1773 589 1841 invenisse''
598 1774 935 1841 i.e.utfiliusacnrams
944 1774 1166 1854 Νεοπτόλεμος

145 1885 247 1953 dictus
264 1896 362 1965 esset,
377 1885 462 1972 quod
474 1885 653 1952 adolescens
672 1883 712 1950 ad
728 1885 847 1952 beilum
867 1886 975 1952 inisset
993 1885 1166 1972 profectus,

144 1999 189 2064 sie
211 2019 328 2063 oroneo
357 1995 517 2062 hominem
548 1994 735 2081 quemdam,
760 1994 869 2080 quiin
893 2016 1007 2081 oempo
1032 2016 1169 2061 nummos

144 2108 318 2189 dividebat,
341 2129 494 2173 nonsron
516 2105 604 2172 dixit.

188 2222 287 2285 Erant
308 2218 457 2285 divisores
479 2240 580 2306 genus
601 2215 767 2282 hominum
790 2215 946 2282 abiectum
974 2227 1006 2282 et
1027 2228 1171 2285 contem·

138 2342 234 2419 ‚ptum
259 2331 286 2416 ⁴)
312 2340 360 2409 et,
390 2327 474 2416 qnod
500 2328 582 2394 inira
605 2328 812 2395 indicabimus
839 2328 984 2416 pluribus
1009 2330 1056 2419 ⁵),
1082 2352 1170 2396 nune

143 2438 338 2508 monendum
356 2439 423 2531 iam
447 2447 509 2518 est,
534 2447 642 2525 postea
670 2460 722 2504 eos
745 2447 870 2504 tantum
893 2439 1027 2505 valuisse
1049 2441 1082 2505 in
1104 2438 1168 2506 lar·

143 2551 327 2642 gitionibus,
352 2558 389 2615 ut
411 2548 535 2639 legibus
557 2560 668 2616 contra
689 2549 760 2617 illos
782 2573 902 2639 poenae
925 2552 1133 2619 surroirentnr.

188 2665 286 2728 Erant
313 2670 420 2728 tamen
450 2663 544 2728 etiem
574 2663 723 2729 divisores
753 2663 886 2752 legitimi
910 2664 958 2753 ⁸),
995 2665 1050 2750 qni
1084 2665 1169 2751 quod

143 2773 262 2863 populo
288 2772 410 2840 donum
442 2774 617 2841 obvenisset
640 2775 669 2841 ei
691 2774 867 2841 dividerent
889 2774 918 2863 ⁷)
943 2775 1063 2862 quique
1084 2795 1114 2841 v.
1140 2798 1166 2842 e.

176 3039 196 3108 ¹)
212 3040 301 3092 Multis
323 3047 349 3092 et
370 3045 484 3090 aoeurnte
506 3038 538 3088 de
558 3037 706 3087 divisoribus
724 3037 775 3100 egit
792 3049 939 3087 wnnuuans
956 3037 983 3088 in
1001 3039 1078 3104 praei.
1098 3056 1166 3105 prae·

141 3128 218 3179 mine
243 3122 330 3176 Voriie
349 3123 485 3176 laedentur
501 3123 597 3189 nliqnot
613 3122 734 3172 lssrrorum
751 3134 887 3172 monronis
904 3136 920 3172 a
937 3137 993 3188 png.
1011 3124 1164 3178 cxxvl-

139 3209 263 3263 ctum
289 3211 358 3276 Lips
380 3211 454 3261 1827.
490 3207 530 3260 Cf.
550 3220 657 3259 nanno
674 3208 705 3258 de
723 3220 835 3258 aeeomo
851 3222 877 3272 μ
898 3211 955 3258 134.
975 3216 1042 3262 note.

173 3292 194 3359 ²)
211 3293 267 3346 Cro.
294 3296 369 3346 verr.
396 3294 420 3344 1.
448 3298 463 3342 8
492 3292 570 3356 513.
597 3319 632 3329 -
657 3291 734 3341 Rem.
760 3306 800 3356 op.
828 3290 846 3341 L
873 3306 897 3356 p.
918 3294 976 3343 704.
1001 3310 1026 3346 n.
1045 3293 1080 3362 (t)
1100 3298 1163 3357 114,

140 3383 198 3430 715.
216 3396 243 3430 n.
261 3377 304 3444 (⁸).

173 3460 194 3525 11
211 3463 266 3516 cic.
285 3463 317 3513 de
334 3460 404 3515 orat
422 3461 459 3512 11.
478 3464 511 3510 ea
531 3460 546 3524 ς
565 3463 623 3510 aar.

172 3546 193 3615 ⁴)
210 3547 266 3600 Cro.
287 3549 363 3599 Verr.
384 3547 422 3597 11.
440 3559 478 3596 111.
497 3548 529 3594 69
547 3545 562 3609 ξ
583 3547 646 3604 161,
669 3545 777 3595 Verrem
800 3544 860 3595 dicit
882 3546 908 3595 in
927 3545 988 3597 iuris
1005 3554 1031 3598 et
1047 3548 1162 3600 divisoris

136 3632 270 3698 disciplina
288 3633 429 3684 edueatum.
464 3629 502 3681 Ci.
521 3628 576 3680 Cre.
598 3630 674 3680 Verr.
698 3629 720 3678 1.
744 3632 760 3679 ⁸
783 3629 858 3692 513.
878 3633 892 3678 9
912 3632 928 3693 ξ
946 3634 988 3680 25.
1022 3630 1160 3683 Grucnms

136 3718 168 3769 de
186 3716 300 3768 Comitiie
317 3717 339 3767 L
358 3720 383 3766 3.
417 3715 497 3768 Sunt.
516 3713 603 3768 Oetev.
622 3719 638 3763 ³
656 3713 739 3780 ibique
757 3714 911 3779 interpretes.

171 3798 191 3866 ⁵)
209 3802 253 3853 nd
270 3801 353 3865 legem
370 3799 533 3865 Culpnrninm
550 3806 576 3850 et
592 3798 714 3850 'inlitam

170 3884 192 3952 6)
208 3887 265 3937 Illis
286 3880 442 3950 potissimum
462 3883 495 3934 ad
514 3882 636 3948 poputum
652 3878 863 3948 oo‘numpendum
880 3896 938 3933 usos
954 3881 1030 3933 iuieee
1046 3883 1160 3934 candido·

136 3978 189 4032 toe,
205 3970 338 4021 eontentio.

171 4054 192 4123 7)
210 4056 279 4106 Aer.
298 4056 329 4104 B.
347 4051 444 4104 c.111.
462 4056 503 4102 2³.
528 4050 627 4103 necor.
643 4051 709 4101 Pro.
725 4053 757 4102 ed
771 4051 828 4102 Mil.
844 4067 868 4117 p.
883 4065 926 4101 on.
945 4055 987 4101 36.
1009 4051 1087 4104 Plura
1105 4054 1161 4102 vide

136 4141 203 4206 apud
218 4140 295 4192 Rern.
317 4153 340 4203 p.
361 4140 419 4187 705.

938 4225 981 4288 ,-
