2910 4950
640 425 682 492 33

143 634 188 722 pit
218 653 314 719 quam
344 634 430 698 venit
463 633 589 722 (nempe
618 634 650 698 in
680 642 868 719 quaesturae
894 628 1054 718 petitione)
1080 628 1169 713 isque

143 754 250 832 postea
270 745 302 810 in
321 744 516 823 tribunatus,
541 744 768 832 aedilitatisque
787 744 935 831 petitione
953 742 1036 807 idem
1055 758 1168 824 exper-

143 866 193 921 tus
223 866 269 922 est
296 856 392 943 inque
420 867 568 942 praetura
598 856 732 944 petenda
762 878 911 944 supremo
936 854 1006 920 loco
1036 848 1169 916 inhaesit

143 966 164 1034 i.
182 991 209 1032 e.
234 964 348 1030 ultimo
371 965 440 1031 loco
464 977 587 1032 creatus
610 978 666 1035 est.

188 1080 230 1144 Ut
252 1100 368 1143 cronno
392 1078 503 1144 consul
526 1078 628 1144 factus
650 1090 697 1145 est
719 1088 869 1161 metune
893 1099 1044 1143 crrrmnn
1068 1076 1168 1140 victor

142 1212 244 1277 remp.
276 1191 506 1277 pessumdaret,
535 1192 579 1256 sic
610 1214 727 1256 maurus
751 1192 844 1256 etiam
869 1191 973 1276 aliqua
996 1189 1165 1263 occaaoae,

142 1324 256 1389 nempe
282 1303 443 1369 nobilitate
472 1301 544 1368 fusa
561 1325 617 1388 per
639 1302 744 1389 legem
770 1301 940 1366 Mamiliam
963 1299 1009 1388 Ι),
1045 1309 1169 1364 creatus

142 1423 199 1480 est.
247 1412 393 1479 Dandum
420 1424 467 1478 est
495 1414 592 1500 igitur
615 1435 674 1500 pro
702 1418 820 1502 magna
845 1422 933 1499 parte
956 1409 1167 1496 temporibus,
1270 1490 1271 1493 Ἴ

144 1524 231 1612 quod
254 1547 370 1591 crosno
392 1525 450 1590 sibi
472 1547 610 1612 suaeque
632 1525 741 1591 virtuti
763 1523 911 1590 adscribit
930 1521 974 1612 ²):
1000 1520 1079 1587 illud
1102 1544 1168 1586 esse

143 1634 371 1722 amplissimum
395 1635 480 1723 quod
501 1635 621 1702 honore
644 1659 683 1702 eo
714 1635 921 1725 (consulatds)
951 1658 984 1700 se
1010 1658 1049 1699 ex
1079 1633 1168 1698 novis

143 1745 322 1813 hominibus
352 1749 491 1835 primum
522 1748 630 1814 multis
655 1759 725 1835 post
751 1750 841 1814 aunis
864 1748 1007 1814 ornarint
1031 1746 1169 1829 Quirites

144 1856 230 1943 quod
251 1859 353 1944 prima
371 1859 536 1945 petitione,
561 1859 646 1946 quod
669 1881 754 1924 anno
771 1882 845 1940 suo;
871 1869 902 1924 et
922 1881 1003 1945 quae
1022 1855 1169 1943 deinceps

142 1979 321 2055 sequuntur
350 1969 382 2034 in
413 1992 451 2034 eo
480 1968 566 2051 loco;
600 1994 659 2035 nec
688 1969 782 2036 fidem
809 1969 986 2036 habendam
1013 1980 1091 2056 puto
1114 1969 1167 2046 iis,

20 2086 25 2091 ’
143 2102 225 2166 quae
255 2080 348 2145 nimis
382 2080 519 2168 gloriose
549 2081 711 2167 praedicat
743 2104 803 2162 „se
837 2081 1002 2168 refregisse
1031 2079 1169 2145 claustra

144 2190 365 2274 „nobilitatis”
387 2191 432 2278 θ),
457 2214 530 2256 nam
554 2192 650 2278 ipsius
668 2192 839 2257 successori
858 2215 886 2259 1..
907 2213 1055 2256 munerea
1078 2191 1167 2255 novi-

144 2312 193 2368 tas
216 2302 428 2370 obiiciebatur.
1029 2374 1031 2379 ,

189 2415 284 2498 Quod
314 2416 421 2481 scribit
447 2415 486 2482 de
513 2417 683 2483 maioribus
706 2416 905 2484 consulatum
929 2437 993 2481 non
1016 2411 1170 2479 nobilitati

142 2526 197 2594 sed
231 2527 341 2593 virtuti
374 2527 596 2594 mandantibus
626 2528 658 2594 id
691 2530 818 2618 egregie
852 2538 975 2616 pugnat
1005 2547 1079 2591 cum
1109 2522 1169 2588 hac

143 2648 250 2705 nostra
284 2639 371 2728 lege,
414 2651 599 2729 pugnatque
630 2643 732 2731 magis
766 2643 861 2706 etiam
894 2662 969 2706 cum
1003 2660 1033 2704 c.
1062 2657 1170 2701 rervm

143 2751 304 2838 exemplo,
331 2750 521 2817 aedilitatem
544 2754 693 2839 petentis,
719 2774 819 2839 quum
841 2753 994 2837 scriptum
1018 2746 1166 2825 faciebat;

143 2863 204 2928 nisi
227 2863 308 2929 forte
330 2864 472 2927 virtatem
490 2863 574 2929 dicas
593 2862 624 2928 id
643 2863 762 2943 facere,
787 2861 872 2950 quod
895 2862 1017 2948 placeat
1040 2861 1092 2939 iis,
1113 2859 1173 2946 qui·

142 2972 247 3062 gratia
271 2981 303 3036 et
326 2971 512 3037 auctoritate
535 2971 651 3039 valent.

189 3106 240 3149 cr.
265 3104 373 3149 ranan
391 3082 519 3148 historia
542 3073 762 3172 legitur'apud
781 3083 914 3165 multos;
941 3092 1071 3148 venuste
1090 3103 1170 3146 non·

108 3180 114 3189 ¹
142 3195 234 3263 nulla
257 3194 296 3260 de
319 3218 357 3260 eo
375 3208 484 3261 narrat
506 3219 635 3262 aramus
659 3220 699 3262 ex
721 3218 830 3261 meone
850 3194 895 3283 ⁴);
926 3194 979 3262 sed
1002 3217 1096 3260 nemo
1119 3193 1168 3260 le·

144 3307 248 3396 pidius
269 3309 372 3395 potuit
394 3307 432 3374 de
455 3332 493 3374 ao
516 3309 651 3376 scribare
674 3332 770 3397 quam
796 3330 926 3375 nuutios
954 3308 1074 3396 ipsein
1097 3328 1168 3371 ora·

145 3421 230 3487 tione
253 3443 312 3507 pro
335 3444 462 3485 moneas
484 3421 524 3504 ὅ).

190 3532 277 3597 Sitne
306 3553 439 3619 persona
466 3555 516 3600 or.
544 3556 651 3599 renen
672 3531 760 3613 ficta,
792 3532 877 3620 quod
901 3555 929 3600 r.
950 3555 977 3599 e.
998 3552 1116 3597 arrico
1136 3530 1164 3618 Ω)

179 3694 199 3760 ι)
216 3696 297 3747 Sana.
315 3697 382 3747 Bell.
400 3698 457 3762 Ing.
475 3715 496 3750 c.
515 3703 557 3748 65.

179 3776 199 3844 2)
217 3780 272 3832 Cre.
293 3783 319 3831 in
337 3781 405 3831 Rull.
424 3783 460 3831 11.
481 3785 495 3846 ξ
514 3791 537 3832 4.

180 3861 200 3929 8)
217 3863 274 3917 Cre.
292 3881 330 3932 pr.
349 3867 417 3916 Mur.
436 3871 450 3916 8
474 3869 489 3930 ξ
510 3872 549 3917 17.

179 3948 200 4013 ⁴)
217 3949 301 4003 Gru..
319 3952 352 4001 N.
369 3951 403 4000 Α.
423 3953 471 4002 VI.
492 3957 515 4002 9.
552 3953 609 4002 [μ’.
628 3952 677 4003 1x.
698 3957 738 4003 ⁴0.
756 3955 857 4017 interpr.

179 4031 199 4098 5)
218 4035 272 4087 Cro.
292 4053 316 4102 p.
334 4037 403 4086 Mur.
427 4041 465 4086 ll.

179 4117 201 4187 6)
219 4120 273 4174 erc.
293 4125 339 4189 ap.
358 4124 392 4173 aa
409 4122 465 4174 Aa.
486 4123 533 4176 VI.
558 4129 576 4172 1.
598 4126 645 4187 §a
669 4128 706 4174 ra
