<?xml version="1.0" encoding="UTF-8"?>
<!DOCTYPE html PUBLIC "-//W3C//DTD XHTML 1.0 Transitional//EN"
    "http://www.w3.org/TR/xhtml1/DTD/xhtml1-transitional.dtd">
<html xmlns="http://www.w3.org/1999/xhtml" xml:lang="en" lang="en">
 <head>
  <title>
</title>
<meta http-equiv="Content-Type" content="text/html;charset=utf-8" />
  <meta name='ocr-system' content='tesseract 3.04.00' />
  <meta name='ocr-capabilities' content='ocr_page ocr_carea ocr_par ocr_line ocrx_word'/>
</head>
<body>
  <div class='ocr_page' id='page_1' title='image "./disputatiodecri00rinkgoog_0043.png"; bbox 0 0 2910 4950; ppageno 0'>
   <div class='ocr_carea' id='block_1_1' title="bbox 622 375 743 439">
    <p class='ocr_par' dir='ltr' id='par_1_1' title="bbox 622 375 743 439">
     <span class='ocr_line' id='line_1_1' title="bbox 622 375 743 439; baseline 0.008 -1"><span class='ocrx_word' id='word_1_1' title='bbox 622 375 743 439; x_wconf 79' lang='lat' dir='ltr'><strong>-to</strong></span> 
     </span>
    </p>
   </div>
   <div class='ocr_carea' id='block_1_2' title="bbox 208 562 1243 3351">
    <p class='ocr_par' dir='ltr' id='par_1_2' title="bbox 208 562 1235 784">
     <span class='ocr_line' id='line_1_2' title="bbox 208 562 1235 668; baseline -0.002 -19"><span class='ocrx_word' id='word_1_2' title='bbox 208 580 386 668; x_wconf 80' lang='lat' dir='ltr'><strong>„aeoendit</strong></span> <span class='ocrx_word' id='word_1_3' title='bbox 412 587 424 603; x_wconf 81' lang='lat'>‘</span> <span class='ocrx_word' id='word_1_4' title='bbox 450 582 563 653; x_wconf 81' lang='lat' dir='ltr'><strong>Vicere</strong></span> <span class='ocrx_word' id='word_1_5' title='bbox 602 589 709 647; x_wconf 87' lang='lat' dir='ltr'><strong>tamen</strong></span> <span class='ocrx_word' id='word_1_6' title='bbox 747 579 867 646; x_wconf 75' lang='lat' dir='ltr'><strong>tribuni</strong></span> <span class='ocrx_word' id='word_1_7' title='bbox 900 584 938 644; x_wconf 88' lang='lat' dir='ltr'><strong>ut</strong></span> <span class='ocrx_word' id='word_1_8' title='bbox 965 562 1077 668; x_wconf 48' lang='lat' dir='ltr'><strong>&#39;legem</strong></span> <span class='ocrx_word' id='word_1_9' title='bbox 1110 579 1235 667; x_wconf 77' lang='lat' dir='ltr'><strong>perfer·</strong></span> 
     </span>
     <span class='ocr_line' id='line_1_3' title="bbox 208 693 634 784; baseline 0.002 -24"><span class='ocrx_word' id='word_1_10' title='bbox 208 704 309 778; x_wconf 87' lang='lat' dir='ltr'><strong>„rent</strong></span> <span class='ocrx_word' id='word_1_11' title='bbox 333 693 392 784; x_wconf 85' lang='lat'>¹)’&#39;</span> <span class='ocrx_word' id='word_1_12' title='bbox 417 703 490 761; x_wconf 88' lang='lat' dir='ltr'><strong>oett.</strong></span> <span class='ocrx_word' id='word_1_13' title='bbox 627 774 634 783; x_wconf 23' lang='lat'>²</span> 
     </span>
    </p>

    <p class='ocr_par' dir='ltr' id='par_1_3' title="bbox 208 802 1239 1342">
     <span class='ocr_line' id='line_1_4' title="bbox 250 802 1237 892; baseline 0 -20"><span class='ocrx_word' id='word_1_14' title='bbox 250 806 458 872; x_wconf 80' lang='lat' dir='ltr'><strong>Consentiunt</strong></span> <span class='ocrx_word' id='word_1_15' title='bbox 491 825 617 884; x_wconf 85' lang='lat' dir='ltr'><strong>omnes,</strong></span> <span class='ocrx_word' id='word_1_16' title='bbox 653 803 758 892; x_wconf 89' lang='lat' dir='ltr'><strong>qnoad</strong></span> <span class='ocrx_word' id='word_1_17' title='bbox 791 805 906 883; x_wconf 83' lang='lat' dir='ltr'><strong>eciam,</strong></span> <span class='ocrx_word' id='word_1_18' title='bbox 941 802 1001 870; x_wconf 88' lang='lat' dir='ltr'><strong>hae</strong></span> <span class='ocrx_word' id='word_1_19' title='bbox 1034 802 1108 892; x_wconf 80' lang='lat' dir='ltr'><strong>lege</strong></span> <span class='ocrx_word' id='word_1_20' title='bbox 1141 803 1237 872; x_wconf 76' lang='lat' dir='ltr'><strong>fuisse</strong></span> 
     </span>
     <span class='ocr_line' id='line_1_5' title="bbox 208 914 1238 1004; baseline -0.001 -20"><span class='ocrx_word' id='word_1_21' title='bbox 208 927 338 984; x_wconf 75' lang='lat' dir='ltr'><strong>centnm</strong></span> <span class='ocrx_word' id='word_1_22' title='bbox 372 941 431 997; x_wconf 90' lang='lat' dir='ltr'><strong>ne,</strong></span> <span class='ocrx_word' id='word_1_23' title='bbox 466 918 522 1003; x_wconf 87' lang='lat' dir='ltr'><strong>qui</strong></span> <span class='ocrx_word' id='word_1_24' title='bbox 554 914 709 983; x_wconf 82' lang='lat' dir='ltr'><strong>honorem</strong></span> <span class='ocrx_word' id='word_1_25' title='bbox 742 915 922 995; x_wconf 80' lang='lat' dir='ltr'><strong>ambirent,</strong></span> <span class='ocrx_word' id='word_1_26' title='bbox 958 925 1034 1004; x_wconf 86' lang='lat' dir='ltr'><strong>toga</strong></span> <span class='ocrx_word' id='word_1_27' title='bbox 1068 925 1238 983; x_wconf 85' lang='lat' dir='ltr'><strong>uterentur</strong></span> 
     </span>
     <span class='ocr_line' id='line_1_6' title="bbox 209 1025 1239 1117; baseline -0.001 -21"><span class='ocrx_word' id='word_1_28' title='bbox 209 1028 353 1098; x_wconf 86' lang='lat' dir='ltr'><strong>eandida.</strong></span> <span class='ocrx_word' id='word_1_29' title='bbox 407 1027 469 1096; x_wconf 83' lang='lat' dir='ltr'><strong>Sed</strong></span> <span class='ocrx_word' id='word_1_30' title='bbox 499 1040 669 1116; x_wconf 81' lang='lat' dir='ltr'><strong>antequem</strong></span> <span class='ocrx_word' id='word_1_31' title='bbox 701 1028 741 1095; x_wconf 90' lang='lat' dir='ltr'><strong>de</strong></span> <span class='ocrx_word' id='word_1_32' title='bbox 769 1028 923 1094; x_wconf 73' lang='lat' dir='ltr'><strong>sententia</strong></span> <span class='ocrx_word' id='word_1_33' title='bbox 951 1026 1031 1117; x_wconf 80' lang='lat' dir='ltr'><strong>leg&#39;n</strong></span> <span class='ocrx_word' id='word_1_34' title='bbox 1061 1025 1239 1115; x_wconf 70' lang='lat' dir='ltr'><strong>disputetur</strong></span> 
     </span>
     <span class='ocr_line' id='line_1_7' title="bbox 208 1138 1239 1227; baseline 0 -19"><span class='ocrx_word' id='word_1_35' title='bbox 208 1163 334 1208; x_wconf 78' lang='lat' dir='ltr'><strong>neeesse</strong></span> <span class='ocrx_word' id='word_1_36' title='bbox 357 1151 403 1207; x_wconf 85' lang='lat' dir='ltr'><strong>eet</strong></span> <span class='ocrx_word' id='word_1_37' title='bbox 424 1151 462 1208; x_wconf 86' lang='lat' dir='ltr'><strong>ut</strong></span> <span class='ocrx_word' id='word_1_38' title='bbox 483 1140 606 1207; x_wconf 84' lang='lat' dir='ltr'><strong>conetet¹</strong></span> <span class='ocrx_word' id='word_1_39' title='bbox 626 1139 668 1207; x_wconf 89' lang='lat' dir='ltr'><strong>de</strong></span> <span class='ocrx_word' id='word_1_40' title='bbox 689 1140 852 1208; x_wconf 83' lang='lat' dir='ltr'><strong>vocabulis</strong></span> <span class='ocrx_word' id='word_1_41' title='bbox 872 1141 964 1227; x_wconf 80' lang='lat' dir='ltr'><strong>ipsis,</strong></span> <span class='ocrx_word' id='word_1_42' title='bbox 988 1161 1071 1226; x_wconf 85' lang='lat' dir='ltr'><strong>quae</strong></span> <span class='ocrx_word' id='word_1_43' title='bbox 1095 1138 1129 1207; x_wconf 86' lang='lat' dir='ltr'><strong>in</strong></span> <span class='ocrx_word' id='word_1_44' title='bbox 1148 1139 1239 1208; x_wconf 89' lang='lat' dir='ltr'><strong>oodi·</strong></span> 
     </span>
     <span class='ocr_line' id='line_1_8' title="bbox 209 1247 1084 1342; baseline 0.006 -24"><span class='ocrx_word' id='word_1_45' title='bbox 209 1252 299 1318; x_wconf 85' lang='lat' dir='ltr'><strong>oibne</strong></span> <span class='ocrx_word' id='word_1_46' title='bbox 319 1252 393 1318; x_wconf 83' lang='lat' dir='ltr'><strong>eatis</strong></span> <span class='ocrx_word' id='word_1_47' title='bbox 417 1253 543 1319; x_wconf 85' lang='lat' dir='ltr'><strong>variant</strong></span> <span class='ocrx_word' id='word_1_48' title='bbox 566 1252 608 1342; x_wconf 83' lang='lat'><strong>²).</strong></span> <span class='ocrx_word' id='word_1_49' title='bbox 1072 1247 1084 1267; x_wconf 79' lang='grc'><em>“</em></span> 
     </span>
    </p>

    <p class='ocr_par' dir='ltr' id='par_1_4' title="bbox 210 1361 1239 1904">
     <span class='ocr_line' id='line_1_9' title="bbox 253 1361 1239 1452; baseline 0 -22"><span class='ocrx_word' id='word_1_50' title='bbox 253 1366 414 1452; x_wconf 86' lang='lat' dir='ltr'><strong>Scriptum</strong></span> <span class='ocrx_word' id='word_1_51' title='bbox 445 1365 507 1432; x_wconf 84' lang='lat' dir='ltr'><strong>fnit</strong></span> <span class='ocrx_word' id='word_1_52' title='bbox 526 1366 560 1430; x_wconf 89' lang='lat' dir='ltr'><strong>in</strong></span> <span class='ocrx_word' id='word_1_53' title='bbox 582 1365 691 1431; x_wconf 80' lang='lat' dir='ltr'><strong>multia</strong></span> <span class='ocrx_word' id='word_1_54' title='bbox 714 1363 815 1430; x_wconf 88' lang='lat' dir='ltr'><strong>libris:</strong></span> <span class='ocrx_word' id='word_1_55' title='bbox 847 1385 916 1446; x_wconf 88' lang='lat' dir='ltr'><strong>„ne</strong></span> <span class='ocrx_word' id='word_1_56' title='bbox 938 1363 991 1429; x_wconf 88' lang='lat' dir='ltr'><strong>oui</strong></span> <span class='ocrx_word' id='word_1_57' title='bbox 1008 1361 1119 1429; x_wconf 81' lang='lat' dir='ltr'><strong>elbum</strong></span> <span class='ocrx_word' id='word_1_58' title='bbox 1139 1363 1239 1430; x_wconf 78' lang='lat' dir='ltr'><strong>vesti·</strong></span> 
     </span>
     <span class='ocr_line' id='line_1_10' title="bbox 210 1474 1239 1562; baseline -0.001 -19"><span class='ocrx_word' id='word_1_59' title='bbox 210 1488 382 1559; x_wconf 81' lang='lat' dir='ltr'><strong>„mentum</strong></span> <span class='ocrx_word' id='word_1_60' title='bbox 416 1476 533 1543; x_wconf 83' lang='lat' dir='ltr'><strong>addere</strong></span> <span class='ocrx_word' id='word_1_61' title='bbox 570 1475 707 1543; x_wconf 86' lang='lat' dir='ltr'><strong>liceret&#39;’</strong></span> <span class='ocrx_word' id='word_1_62' title='bbox 743 1485 816 1542; x_wconf 84' lang='lat' dir='ltr'><strong>cett.</strong></span> <span class='ocrx_word' id='word_1_63' title='bbox 880 1474 975 1558; x_wconf 86' lang='lat' dir='ltr'><strong>Quod</strong></span> <span class='ocrx_word' id='word_1_64' title='bbox 1008 1495 1110 1562; x_wconf 86' lang='lat' dir='ltr'><strong>quum</strong></span> <span class='ocrx_word' id='word_1_65' title='bbox 1144 1496 1239 1542; x_wconf 76' lang='lat' dir='ltr'><strong>sensu</strong></span> 
     </span>
     <span class='ocr_line' id='line_1_11' title="bbox 210 1584 1238 1678; baseline -0.001 -24"><span class='ocrx_word' id='word_1_66' title='bbox 210 1597 377 1670; x_wconf 82' lang='lat' dir='ltr'><strong>„eareret,</strong></span> <span class='ocrx_word' id='word_1_67' title='bbox 398 1608 514 1653; x_wconf 74' lang='lat' dir='ltr'><strong>oneror</strong></span> <span class='ocrx_word' id='word_1_68' title='bbox 528 1587 555 1678; x_wconf 83' lang='lat'><strong>⁸)</strong></span> <span class='ocrx_word' id='word_1_69' title='bbox 580 1586 782 1654; x_wconf 82' lang='lat' dir='ltr'><strong>scribendum</strong></span> <span class='ocrx_word' id='word_1_70' title='bbox 805 1587 940 1652; x_wconf 79' lang='lat' dir='ltr'><strong>censuit:</strong></span> <span class='ocrx_word' id='word_1_71' title='bbox 964 1610 1031 1670; x_wconf 86' lang='lat' dir='ltr'><strong>„ne</strong></span> <span class='ocrx_word' id='word_1_72' title='bbox 1053 1587 1106 1652; x_wconf 83' lang='lat' dir='ltr'><strong>oni</strong></span> <span class='ocrx_word' id='word_1_73' title='bbox 1126 1584 1238 1653; x_wconf 84' lang='lat' dir='ltr'><strong>album</strong></span> 
     </span>
     <span class='ocr_line' id='line_1_12' title="bbox 210 1696 1239 1786; baseline -0.001 -21"><span class='ocrx_word' id='word_1_74' title='bbox 210 1701 272 1783; x_wconf 78' lang='lat' dir='ltr'><strong>„ia</strong></span> <span class='ocrx_word' id='word_1_75' title='bbox 298 1699 521 1766; x_wconf 83' lang='lat' dir='ltr'><strong>vestimentum</strong></span> <span class='ocrx_word' id='word_1_76' title='bbox 550 1697 666 1765; x_wconf 79' lang='lat' dir='ltr'><strong>addere</strong></span> <span class='ocrx_word' id='word_1_77' title='bbox 696 1698 833 1765; x_wconf 85' lang='lat' dir='ltr'><strong>lioeret”</strong></span> <span class='ocrx_word' id='word_1_78' title='bbox 865 1698 998 1786; x_wconf 82' lang='lat' dir='ltr'><strong>repetito</strong></span> <span class='ocrx_word' id='word_1_79' title='bbox 1025 1696 1183 1765; x_wconf 83' lang='lat' dir='ltr'><strong>vocabulo</strong></span> <span class='ocrx_word' id='word_1_80' title='bbox 1205 1701 1239 1764; x_wconf 76' lang='lat' dir='ltr'><strong>in</strong></span> 
     </span>
     <span class='ocr_line' id='line_1_13' title="bbox 210 1809 847 1904; baseline 0 -26"><span class='ocrx_word' id='word_1_81' title='bbox 210 1834 251 1878; x_wconf 84' lang='lat' dir='ltr'><strong>ex</strong></span> <span class='ocrx_word' id='word_1_82' title='bbox 273 1810 378 1878; x_wconf 84' lang='lat' dir='ltr'><strong>littere</strong></span> <span class='ocrx_word' id='word_1_83' title='bbox 399 1835 431 1877; x_wconf 89' lang='lat' dir='ltr'><strong>m</strong></span> <span class='ocrx_word' id='word_1_84' title='bbox 451 1810 668 1904; x_wconf 82' lang='lat' dir='ltr'><strong>praecedentis</strong></span> <span class='ocrx_word' id='word_1_85' title='bbox 692 1809 847 1878; x_wconf 79' lang='lat' dir='ltr'><strong>vocabuli.</strong></span> 
     </span>
    </p>

    <p class='ocr_par' dir='ltr' id='par_1_5' title="bbox 212 1921 1239 2103">
     <span class='ocr_line' id='line_1_14' title="bbox 254 1921 1239 2013; baseline 0 -25"><span class='ocrx_word' id='word_1_86' title='bbox 254 1923 319 1989; x_wconf 80' lang='lat' dir='ltr'>Alii</span> <span class='ocrx_word' id='word_1_87' title='bbox 342 1922 370 2012; x_wconf 53' lang='grc' dir='ltr'><strong>ι)</strong></span> <span class='ocrx_word' id='word_1_88' title='bbox 403 1923 552 2013; x_wconf 83' lang='lat' dir='ltr'><strong>legerunt</strong></span> <span class='ocrx_word' id='word_1_89' title='bbox 580 1924 834 2003; x_wconf 56' lang='lat' dir='ltr'><strong>imminentem</strong></span> <span class='ocrx_word' id='word_1_90' title='bbox 858 1943 925 1991; x_wconf 85' lang='lat' dir='ltr'><strong>uno</strong></span> <span class='ocrx_word' id='word_1_91' title='bbox 953 1921 1124 2001; x_wconf 82' lang='lat' dir='ltr'><strong>vocabulo,</strong></span> <span class='ocrx_word' id='word_1_92' title='bbox 1157 1943 1239 2008; x_wconf 80' lang='lat' dir='ltr'><strong>qnae</strong></span> 
     </span>
     <span class='ocr_line' id='line_1_15' title="bbox 212 2035 614 2103; baseline 0.002 -1"><span class='ocrx_word' id='word_1_93' title='bbox 212 2035 306 2102; x_wconf 86' lang='lat' dir='ltr'><strong>lectio</strong></span> <span class='ocrx_word' id='word_1_94' title='bbox 327 2035 399 2100; x_wconf 87' lang='lat' dir='ltr'><strong>inre</strong></span> <span class='ocrx_word' id='word_1_95' title='bbox 419 2036 536 2102; x_wconf 84' lang='lat' dir='ltr'><strong>reiecta</strong></span> <span class='ocrx_word' id='word_1_96' title='bbox 557 2045 614 2103; x_wconf 80' lang='lat' dir='ltr'><strong>eat.</strong></span> 
     </span>
    </p>

    <p class='ocr_par' dir='ltr' id='par_1_6' title="bbox 213 2145 1242 2341">
     <span class='ocr_line' id='line_1_16' title="bbox 257 2145 1242 2235; baseline 0 -22"><span class='ocrx_word' id='word_1_97' title='bbox 257 2145 320 2213; x_wconf 89' lang='lat' dir='ltr'><strong>Sed</strong></span> <span class='ocrx_word' id='word_1_98' title='bbox 348 2167 453 2233; x_wconf 86' lang='lat' dir='ltr'><strong>neque</strong></span> <span class='ocrx_word' id='word_1_99' title='bbox 481 2148 638 2234; x_wconf 75' lang='lat' dir='ltr'><strong>scripture</strong></span> <span class='ocrx_word' id='word_1_100' title='bbox 672 2168 760 2213; x_wconf 73' lang='lat' dir='ltr'><strong>oreon</strong></span> <span class='ocrx_word' id='word_1_101' title='bbox 793 2169 869 2214; x_wconf 87' lang='lat' dir='ltr'><strong>vera</strong></span> <span class='ocrx_word' id='word_1_102' title='bbox 898 2148 1041 2227; x_wconf 76' lang='lat' dir='ltr'><strong>ridetur,</strong></span> <span class='ocrx_word' id='word_1_103' title='bbox 1065 2168 1140 2214; x_wconf 89' lang='lat' dir='ltr'><strong>narn</strong></span> <span class='ocrx_word' id='word_1_104' title='bbox 1164 2146 1242 2235; x_wconf 89' lang='lat' dir='ltr'><strong>quid</strong></span> 
     </span>
     <span class='ocr_line' id='line_1_17' title="bbox 213 2257 1005 2341; baseline -0.001 -15"><span class='ocrx_word' id='word_1_105' title='bbox 213 2268 261 2326; x_wconf 80' lang='lat' dir='ltr'><strong>eet</strong></span> <span class='ocrx_word' id='word_1_106' title='bbox 281 2257 358 2324; x_wconf 86' lang='lat' dir='ltr'><strong>hoc:</strong></span> <span class='ocrx_word' id='word_1_107' title='bbox 383 2258 521 2341; x_wconf 86' lang='lat' dir='ltr'><strong>„elbum</strong></span> <span class='ocrx_word' id='word_1_108' title='bbox 543 2257 659 2324; x_wconf 81' lang='lat' dir='ltr'><strong>addere</strong></span> <span class='ocrx_word' id='word_1_109' title='bbox 681 2259 713 2323; x_wconf 89' lang='lat' dir='ltr'><strong>in</strong></span> <span class='ocrx_word' id='word_1_110' title='bbox 737 2259 1005 2328; x_wconf 71' lang='lat' dir='ltr'><strong>vestimentnm&#39;&#39;?</strong></span> 
     </span>
    </p>

    <p class='ocr_par' dir='ltr' id='par_1_7' title="bbox 212 2367 1243 3133">
     <span class='ocr_line' id='line_1_18' title="bbox 258 2367 1243 2460; baseline 0.001 -25"><span class='ocrx_word' id='word_1_111' title='bbox 258 2369 449 2436; x_wconf 81' lang='lat' dir='ltr'><strong>Gronovrus</strong></span> <span class='ocrx_word' id='word_1_112' title='bbox 478 2367 585 2436; x_wconf 83' lang='lat' dir='ltr'><strong>locum</strong></span> <span class='ocrx_word' id='word_1_113' title='bbox 612 2391 714 2454; x_wconf 83' lang='lat' dir='ltr'><strong>unum</strong></span> <span class='ocrx_word' id='word_1_114' title='bbox 739 2369 942 2460; x_wconf 81' lang='lat' dir='ltr'><strong>alterumque</strong></span> <span class='ocrx_word' id='word_1_115' title='bbox 962 2370 1111 2438; x_wconf 80' lang='lat' dir='ltr'><strong>indicavit</strong></span> <span class='ocrx_word' id='word_1_116' title='bbox 1134 2369 1162 2458; x_wconf 86' lang='lat'><strong>⁸)</strong></span> <span class='ocrx_word' id='word_1_117' title='bbox 1188 2371 1243 2437; x_wconf 80' lang='lat' dir='ltr'><strong>ubi</strong></span> 
     </span>
     <span class='ocr_line' id='line_1_19' title="bbox 215 2481 1243 2574; baseline 0.002 -26"><span class='ocrx_word' id='word_1_118' title='bbox 215 2483 376 2571; x_wconf 85' lang='lat' dir='ltr'><strong>legeretur</strong></span> <span class='ocrx_word' id='word_1_119' title='bbox 398 2481 514 2549; x_wconf 78' lang='lat' dir='ltr'><strong>addere</strong></span> <span class='ocrx_word' id='word_1_120' title='bbox 536 2481 569 2548; x_wconf 78' lang='lat' dir='ltr'><strong>r‘a</strong></span> <span class='ocrx_word' id='word_1_121' title='bbox 590 2483 726 2572; x_wconf 69' lang='lat' dir='ltr'><strong>aliqud3</strong></span> <span class='ocrx_word' id='word_1_122' title='bbox 750 2506 790 2551; x_wconf 83' lang='lat' dir='ltr'><strong>en</strong></span> <span class='ocrx_word' id='word_1_123' title='bbox 812 2485 928 2574; x_wconf 78' lang='lat' dir='ltr'><strong>quibus</strong></span> <span class='ocrx_word' id='word_1_124' title='bbox 948 2505 1033 2552; x_wconf 81' lang='lat' dir='ltr'><strong>unuo</strong></span> <span class='ocrx_word' id='word_1_125' title='bbox 1054 2493 1180 2550; x_wconf 84' lang='lat' dir='ltr'><strong>tentum</strong></span> <span class='ocrx_word' id='word_1_126' title='bbox 1202 2482 1243 2550; x_wconf 87' lang='lat' dir='ltr'><strong>ed</strong></span> 
     </span>
     <span class='ocr_line' id='line_1_20' title="bbox 214 2594 1242 2686; baseline -0.002 -25"><span class='ocrx_word' id='word_1_127' title='bbox 214 2616 284 2661; x_wconf 87' lang='lat' dir='ltr'><strong>rem</strong></span> <span class='ocrx_word' id='word_1_128' title='bbox 312 2605 453 2662; x_wconf 76' lang='lat' dir='ltr'><strong>nostram</strong></span> <span class='ocrx_word' id='word_1_129' title='bbox 484 2594 589 2661; x_wconf 81' lang='lat' dir='ltr'><strong>faeere</strong></span> <span class='ocrx_word' id='word_1_130' title='bbox 619 2595 744 2663; x_wconf 89' lang='lat' dir='ltr'><strong>videtur</strong></span> <span class='ocrx_word' id='word_1_131' title='bbox 776 2618 907 2686; x_wconf 85' lang='lat' dir='ltr'><strong>nempe:</strong></span> <span class='ocrx_word' id='word_1_132' title='bbox 940 2597 1053 2685; x_wconf 81' lang='lat' dir='ltr'><strong>„Lege</strong></span> <span class='ocrx_word' id='word_1_133' title='bbox 1082 2615 1242 2661; x_wconf 79' lang='lat' dir='ltr'><strong>comem</strong></span> 
     </span>
     <span class='ocr_line' id='line_1_21' title="bbox 212 2704 1242 2798; baseline -0.001 -26"><span class='ocrx_word' id='word_1_134' title='bbox 212 2757 234 2790; x_wconf 92' lang='lat'><strong>„</strong></span> <span class='ocrx_word' id='word_1_135' title='bbox 244 2716 374 2773; x_wconf 82' lang='lat' dir='ltr'><strong>cavetur</strong></span> <span class='ocrx_word' id='word_1_136' title='bbox 399 2704 426 2798; x_wconf 80' lang='lat'><strong>⁸)</strong></span> <span class='ocrx_word' id='word_1_137' title='bbox 460 2716 498 2773; x_wconf 88' lang='lat' dir='ltr'><strong>nt</strong></span> <span class='ocrx_word' id='word_1_138' title='bbox 527 2708 583 2794; x_wconf 88' lang='lat' dir='ltr'><strong>qui</strong></span> <span class='ocrx_word' id='word_1_139' title='bbox 608 2706 642 2775; x_wconf 87' lang='lat' dir='ltr'><strong>in</strong></span> <span class='ocrx_word' id='word_1_140' title='bbox 664 2731 781 2775; x_wconf 89' lang='lat' dir='ltr'><strong>aurum</strong></span> <span class='ocrx_word' id='word_1_141' title='bbox 804 2709 871 2776; x_wconf 83' lang='lat' dir='ltr'><strong>vitii</strong></span> <span class='ocrx_word' id='word_1_142' title='bbox 893 2707 970 2798; x_wconf 89' lang='lat' dir='ltr'><strong>quid</strong></span> <span class='ocrx_word' id='word_1_143' title='bbox 992 2706 1136 2786; x_wconf 77' lang='lat' dir='ltr'><strong>adderet,</strong></span> <span class='ocrx_word' id='word_1_144' title='bbox 1172 2707 1242 2794; x_wconf 91' lang='lat' dir='ltr'><strong>qni-</strong></span> 
     </span>
     <span class='ocr_line' id='line_1_22' title="bbox 215 2817 1242 2908; baseline -0.002 -23"><span class='ocrx_word' id='word_1_145' title='bbox 215 2839 306 2905; x_wconf 88' lang='lat' dir='ltr'><strong>„que</strong></span> <span class='ocrx_word' id='word_1_146' title='bbox 327 2828 495 2908; x_wconf 81' lang='lat' dir='ltr'><strong>argenteos</strong></span> <span class='ocrx_word' id='word_1_147' title='bbox 516 2841 665 2888; x_wconf 76' lang='lat' dir='ltr'><strong>nummos</strong></span> <span class='ocrx_word' id='word_1_148' title='bbox 693 2819 889 2889; x_wconf 81' lang='lat' dir='ltr'><strong>adulterinos</strong></span> <span class='ocrx_word' id='word_1_149' title='bbox 913 2821 1054 2899; x_wconf 80' lang='lat' dir='ltr'><strong>flaverit,</strong></span> <span class='ocrx_word' id='word_1_150' title='bbox 1081 2817 1152 2884; x_wconf 78' lang='lat' dir='ltr'><strong>falsi</strong></span> <span class='ocrx_word' id='word_1_151' title='bbox 1179 2818 1242 2884; x_wconf 87' lang='lat' dir='ltr'><strong>eri·</strong></span> 
     </span>
     <span class='ocr_line' id='line_1_23' title="bbox 215 2929 1241 3024; baseline 0.002 -29"><span class='ocrx_word' id='word_1_152' title='bbox 215 2929 330 3014; x_wconf 86' lang='lat' dir='ltr'><strong>„mine</strong></span> <span class='ocrx_word' id='word_1_153' title='bbox 350 2931 545 3000; x_wconf 86' lang='lat' dir='ltr'><strong>teneretur.”</strong></span> <span class='ocrx_word' id='word_1_154' title='bbox 598 2932 660 3000; x_wconf 86' lang='lat' dir='ltr'><strong>Sed</strong></span> <span class='ocrx_word' id='word_1_155' title='bbox 685 2932 782 3024; x_wconf 82' lang='lat' dir='ltr'><strong>longe</strong></span> <span class='ocrx_word' id='word_1_156' title='bbox 804 2932 892 3001; x_wconf 83' lang='lat' dir='ltr'><strong>eliud</strong></span> <span class='ocrx_word' id='word_1_157' title='bbox 912 2943 960 3000; x_wconf 84' lang='lat' dir='ltr'><strong>eet</strong></span> <span class='ocrx_word' id='word_1_158' title='bbox 982 2934 1098 3000; x_wconf 77' lang='lat' dir='ltr'><strong>addere</strong></span> <span class='ocrx_word' id='word_1_159' title='bbox 1119 2931 1153 2997; x_wconf 80' lang='lat' dir='ltr'><strong>e&#39;n</strong></span> <span class='ocrx_word' id='word_1_160' title='bbox 1172 2952 1241 2999; x_wconf 80' lang='lat' dir='ltr'><strong>oee-</strong></span> 
     </span>
     <span class='ocr_line' id='line_1_24' title="bbox 213 3042 1071 3133; baseline 0.002 -24"><span class='ocrx_word' id='word_1_161' title='bbox 213 3042 388 3122; x_wconf 69' lang='lat' dir='ltr'><strong>emonam,</strong></span> <span class='ocrx_word' id='word_1_162' title='bbox 412 3063 509 3130; x_wconf 84' lang='lat' dir='ltr'><strong>quem</strong></span> <span class='ocrx_word' id='word_1_163' title='bbox 532 3045 625 3126; x_wconf 72' lang='lat' dir='ltr'><strong>„vitii</strong></span> <span class='ocrx_word' id='word_1_164' title='bbox 640 3046 714 3133; x_wconf 76' lang='lat' dir='ltr'><strong>quid</strong></span> <span class='ocrx_word' id='word_1_165' title='bbox 735 3048 851 3114; x_wconf 75' lang='lat' dir='ltr'><strong>addere</strong></span> <span class='ocrx_word' id='word_1_166' title='bbox 872 3048 906 3112; x_wconf 74' lang='lat' dir='ltr'><strong>in</strong></span> <span class='ocrx_word' id='word_1_167' title='bbox 927 3043 1071 3112; x_wconf 50' lang='lat' dir='ltr'><strong>annm?</strong></span> 
     </span>
    </p>

    <p class='ocr_par' dir='ltr' id='par_1_8' title="bbox 215 3153 1242 3351">
     <span class='ocr_line' id='line_1_25' title="bbox 260 3153 1241 3244; baseline -0.002 -24"><span class='ocrx_word' id='word_1_168' title='bbox 260 3153 436 3234; x_wconf 84' lang='lat' dir='ltr'><strong>Contendo,</strong></span> <span class='ocrx_word' id='word_1_169' title='bbox 460 3154 561 3223; x_wconf 87' lang='lat' dir='ltr'><strong>donee</strong></span> <span class='ocrx_word' id='word_1_170' title='bbox 578 3157 731 3244; x_wconf 85' lang='lat' dir='ltr'><strong>exemplis</strong></span> <span class='ocrx_word' id='word_1_171' title='bbox 752 3157 1000 3235; x_wconf 81' lang='lat' dir='ltr'><strong>demonstretur,</strong></span> <span class='ocrx_word' id='word_1_172' title='bbox 1013 3154 1160 3221; x_wconf 81' lang='lat' dir='ltr'><strong>Latinum</strong></span> <span class='ocrx_word' id='word_1_173' title='bbox 1175 3174 1241 3219; x_wconf 90' lang='lat' dir='ltr'><strong>non</strong></span> 
     </span>
     <span class='ocr_line' id='line_1_26' title="bbox 215 3266 1242 3351; baseline -0.002 -18"><span class='ocrx_word' id='word_1_174' title='bbox 215 3286 298 3333; x_wconf 81' lang='lat' dir='ltr'><strong>enee:</strong></span> <span class='ocrx_word' id='word_1_175' title='bbox 329 3267 431 3333; x_wconf 77' lang='lat' dir='ltr'><strong>aloem</strong></span> <span class='ocrx_word' id='word_1_176' title='bbox 454 3268 570 3336; x_wconf 75' lang='lat' dir='ltr'><strong>addere</strong></span> <span class='ocrx_word' id='word_1_177' title='bbox 593 3269 627 3335; x_wconf 77' lang='lat' dir='ltr'><strong>in</strong></span> <span class='ocrx_word' id='word_1_178' title='bbox 647 3270 873 3348; x_wconf 62' lang='lat' dir='ltr'><strong>vestimentem</strong></span> <span class='ocrx_word' id='word_1_179' title='bbox 908 3266 1044 3345; x_wconf 84' lang='lat' dir='ltr'><strong>ideireo,</strong></span> <span class='ocrx_word' id='word_1_180' title='bbox 1073 3275 1110 3351; x_wconf 78' lang='lat' dir='ltr'><strong>nt</strong></span> <span class='ocrx_word' id='word_1_181' title='bbox 1132 3285 1242 3332; x_wconf 83' lang='lat' dir='ltr'><strong>eeneun</strong></span> 
     </span>
    </p>
   </div>
   <div class='ocr_carea' id='block_1_3' title="bbox 214 3459 433 3478">
    <p class='ocr_par' dir='ltr' id='par_1_9' title="bbox 214 3459 433 3478">
     <span class='ocr_line' id='line_1_27' title="bbox 214 3459 433 3478; baseline 0.005 -5"><span class='ocrx_word' id='word_1_182' title='bbox 214 3459 433 3478; x_wconf 42' lang='grc' dir='ltr'><strong><em>Μ</em></strong></span> 
     </span>
    </p>
   </div>
   <div class='ocr_carea' id='block_1_4' title="bbox 219 3557 1241 3881">
    <p class='ocr_par' dir='ltr' id='par_1_10' title="bbox 253 3557 454 3613">
     <span class='ocr_line' id='line_1_28' title="bbox 253 3557 454 3613; baseline 0.01 -2"><span class='ocrx_word' id='word_1_183' title='bbox 253 3557 262 3593; x_wconf 87' lang='lat'>¹</span> <span class='ocrx_word' id='word_1_184' title='bbox 290 3561 323 3612; x_wconf 86' lang='lat' dir='ltr'><strong>L1</strong></span> <span class='ocrx_word' id='word_1_185' title='bbox 369 3562 418 3612; x_wconf 83' lang='lat' dir='ltr'><strong>el.</strong></span> <span class='ocrx_word' id='word_1_186' title='bbox 436 3565 454 3613; x_wconf 88' lang='lat'><strong>1.</strong></span> 
     </span>
    </p>

    <p class='ocr_par' dir='ltr' id='par_1_11' title="bbox 219 3560 1241 3783">
     <span class='ocr_line' id='line_1_29' title="bbox 251 3560 1241 3714; baseline 0.004 -19"><span class='ocrx_word' id='word_1_187' title='bbox 251 3560 274 3711; x_wconf 51' lang='grc' dir='ltr'><strong>’ζ</strong></span> <span class='ocrx_word' id='word_1_188' title='bbox 291 3576 370 3707; x_wconf 47' lang='lat' dir='ltr'><strong>thxd,</strong></span> <span class='ocrx_word' id='word_1_189' title='bbox 387 3648 498 3714; x_wconf 80' lang='lat' dir='ltr'><strong>quoodo</strong></span> <span class='ocrx_word' id='word_1_190' title='bbox 515 3651 585 3700; x_wconf 77' lang='lat' dir='ltr'><strong>venie</strong></span> <span class='ocrx_word' id='word_1_191' title='bbox 599 3648 706 3700; x_wconf 86' lang='lat' dir='ltr'><strong>loetione</strong></span> <span class='ocrx_word' id='word_1_192' title='bbox 724 3648 798 3699; x_wconf 82' lang='lat' dir='ltr'><strong>hnine</strong></span> <span class='ocrx_word' id='word_1_193' title='bbox 814 3646 864 3699; x_wconf 81' lang='lat' dir='ltr'><strong>loci</strong></span> <span class='ocrx_word' id='word_1_194' title='bbox 881 3645 983 3711; x_wconf 74' lang='lat' dir='ltr'><strong>eollegit</strong></span> <span class='ocrx_word' id='word_1_195' title='bbox 999 3658 1241 3699; x_wconf 73' lang='lat' dir='ltr'><strong>nannenoncnrno</strong></span> 
     </span>
     <span class='ocr_line' id='line_1_30' title="bbox 219 3730 458 3783; baseline 0.008 -2"><span class='ocrx_word' id='word_1_196' title='bbox 219 3730 246 3781; x_wconf 79' lang='lat' dir='ltr'><strong>to</strong></span> <span class='ocrx_word' id='word_1_197' title='bbox 264 3743 311 3780; x_wconf 84' lang='lat' dir='ltr'><strong>oua</strong></span> <span class='ocrx_word' id='word_1_198' title='bbox 327 3731 367 3782; x_wconf 80' lang='lat' dir='ltr'><strong>ed</strong></span> <span class='ocrx_word' id='word_1_199' title='bbox 385 3745 458 3783; x_wconf 79' lang='lat' dir='ltr'><strong>mvn.</strong></span> 
     </span>
    </p>

    <p class='ocr_par' dir='ltr' id='par_1_12' title="bbox 252 3811 867 3881">
     <span class='ocr_line' id='line_1_31' title="bbox 252 3811 867 3881; baseline 0.002 -16"><span class='ocrx_word' id='word_1_200' title='bbox 252 3811 273 3881; x_wconf 55' lang='grc' dir='ltr'><strong>ὅ)</strong></span> <span class='ocrx_word' id='word_1_201' title='bbox 290 3816 363 3866; x_wconf 77' lang='lat' dir='ltr'><strong>nne.</strong></span> <span class='ocrx_word' id='word_1_202' title='bbox 381 3817 422 3866; x_wconf 81' lang='lat' dir='ltr'><strong>nt</strong></span> <span class='ocrx_word' id='word_1_203' title='bbox 439 3818 462 3867; x_wconf 90' lang='lat'><strong>1.</strong></span> <span class='ocrx_word' id='word_1_204' title='bbox 484 3823 523 3868; x_wconf 76' lang='grc' dir='ltr'><strong>ιι.</strong></span> <span class='ocrx_word' id='word_1_205' title='bbox 559 3817 648 3881; x_wconf 72' lang='lat' dir='ltr'><strong>Anoq.</strong></span> <span class='ocrx_word' id='word_1_206' title='bbox 667 3818 737 3868; x_wconf 72' lang='lat' dir='ltr'><strong>nect.</strong></span> <span class='ocrx_word' id='word_1_207' title='bbox 755 3818 806 3868; x_wconf 69' lang='grc' dir='ltr'>ιιι.</span> <span class='ocrx_word' id='word_1_208' title='bbox 828 3821 867 3866; x_wconf 83' lang='lat'><strong>15.</strong></span> 
     </span>
    </p>
   </div>
   <div class='ocr_carea' id='block_1_5' title="bbox 252 3895 1213 4047">
    <p class='ocr_par' dir='ltr' id='par_1_13' title="bbox 252 3895 1213 4047">
     <span class='ocr_line' id='line_1_32' title="bbox 252 3895 1213 3963; baseline 0.002 -14"><span class='ocrx_word' id='word_1_209' title='bbox 252 3895 275 3963; x_wconf 78' lang='lat'><strong>⁴)</strong></span> <span class='ocrx_word' id='word_1_210' title='bbox 291 3914 316 3949; x_wconf 86' lang='lat' dir='ltr'><strong>v.</strong></span> <span class='ocrx_word' id='word_1_211' title='bbox 334 3915 356 3950; x_wconf 86' lang='lat' dir='ltr'><strong>o.</strong></span> <span class='ocrx_word' id='word_1_212' title='bbox 373 3912 458 3951; x_wconf 76' lang='lat' dir='ltr'><strong>eroon.</strong></span> <span class='ocrx_word' id='word_1_213' title='bbox 476 3901 508 3951; x_wconf 86' lang='lat' dir='ltr'><strong>de</strong></span> <span class='ocrx_word' id='word_1_214' title='bbox 525 3900 626 3952; x_wconf 72' lang='lat' dir='ltr'><strong>Iudiciis</strong></span> <span class='ocrx_word' id='word_1_215' title='bbox 644 3900 681 3952; x_wconf 84' lang='lat' dir='ltr'><strong>IL</strong></span> <span class='ocrx_word' id='word_1_216' title='bbox 700 3906 742 3952; x_wconf 79' lang='lat'><strong>³0.</strong></span> <span class='ocrx_word' id='word_1_217' title='bbox 782 3901 821 3954; x_wconf 81' lang='lat' dir='ltr'><strong>Cf.</strong></span> <span class='ocrx_word' id='word_1_218' title='bbox 839 3913 970 3955; x_wconf 76' lang='lat' dir='ltr'><strong>ornemus</strong></span> <span class='ocrx_word' id='word_1_219' title='bbox 988 3901 1019 3956; x_wconf 89' lang='lat' dir='ltr'><strong>de</strong></span> <span class='ocrx_word' id='word_1_220' title='bbox 1037 3903 1129 3956; x_wconf 79' lang='lat' dir='ltr'><strong>Cernit.</strong></span> <span class='ocrx_word' id='word_1_221' title='bbox 1148 3902 1169 3954; x_wconf 92' lang='lat'><strong>1.</strong></span> <span class='ocrx_word' id='word_1_222' title='bbox 1188 3908 1213 3953; x_wconf 80' lang='lat'><strong>3.</strong></span> 
     </span>
     <span class='ocr_line' id='line_1_33' title="bbox 254 3977 534 4047; baseline 0 -15"><span class='ocrx_word' id='word_1_223' title='bbox 254 3977 274 4047; x_wconf 77' lang='lat'><strong>⁵)</strong></span> <span class='ocrx_word' id='word_1_224' title='bbox 291 3982 336 4032; x_wconf 83' lang='lat' dir='ltr'><strong>Ad</strong></span> <span class='ocrx_word' id='word_1_225' title='bbox 353 3994 405 4033; x_wconf 77' lang='lat' dir='ltr'><strong>mv.</strong></span> <span class='ocrx_word' id='word_1_226' title='bbox 424 3984 474 4034; x_wconf 82' lang='grc' dir='ltr'><strong>Ν.</strong></span> <span class='ocrx_word' id='word_1_227' title='bbox 493 3987 534 4032; x_wconf 74' lang='lat'><strong>25.</strong></span> 
     </span>
    </p>
   </div>
   <div class='ocr_carea' id='block_1_6' title="bbox 253 4062 801 4130">
    <p class='ocr_par' dir='ltr' id='par_1_14' title="bbox 253 4062 801 4130">
     <span class='ocr_line' id='line_1_34' title="bbox 253 4062 801 4130; baseline 0.013 -15"><span class='ocrx_word' id='word_1_228' title='bbox 253 4062 275 4130; x_wconf 67' lang='grc' dir='ltr'><strong>ι)</strong></span> <span class='ocrx_word' id='word_1_229' title='bbox 291 4066 322 4116; x_wconf 81' lang='lat' dir='ltr'><strong>o.</strong></span> <span class='ocrx_word' id='word_1_230' title='bbox 342 4070 365 4115; x_wconf 83' lang='lat' dir='ltr'><strong>e.</strong></span> <span class='ocrx_word' id='word_1_231' title='bbox 384 4066 410 4116; x_wconf 80' lang='lat' dir='ltr'><strong>r.</strong></span> <span class='ocrx_word' id='word_1_232' title='bbox 428 4067 461 4118; x_wconf 74' lang='lat' dir='ltr'><strong>ae</strong></span> <span class='ocrx_word' id='word_1_233' title='bbox 477 4066 494 4117; x_wconf 85' lang='grc' dir='ltr'><strong>ι.</strong></span> <span class='ocrx_word' id='word_1_234' title='bbox 513 4065 658 4120; x_wconf 72' lang='lat' dir='ltr'><strong>Corneliam</strong></span> <span class='ocrx_word' id='word_1_235' title='bbox 675 4069 706 4120; x_wconf 79' lang='lat' dir='ltr'><strong>oe</strong></span> <span class='ocrx_word' id='word_1_236' title='bbox 726 4069 801 4122; x_wconf 72' lang='lat' dir='ltr'><strong>raon.</strong></span> 
     </span>
    </p>
   </div>
   <div class='ocr_carea' id='block_1_7' title="bbox 0 0 1471 4950">
    <p class='ocr_par' dir='ltr' id='par_1_15' title="bbox 0 0 1471 4950">
     <span class='ocr_line' id='line_1_35' title="bbox 0 0 1471 4950; baseline 0 0"><span class='ocrx_word' id='word_1_237' title='bbox 0 0 1471 4950; x_wconf 95' lang='lat' dir='ltr'><strong> </strong></span> 
     </span>
    </p>
   </div>
  </div>
 </body>
</html>
