2910 4950
722 413 725 418 “
770 401 834 467 154

285 631 352 676 sam
382 610 561 696 opinionem
589 629 744 674 wunornr
772 608 901 674 nullum
938 607 1105 677 discrimen
1139 611 1311 681 admitten-

284 721 324 787 tis
356 723 438 787 inter
466 722 584 787 iudices
610 744 650 786 ex
679 720 750 807 lege
780 721 899 787 Licinia
927 731 959 786 et
980 745 1020 788 ex
1050 745 1087 789 ea
1113 723 1186 812 lege
1212 748 1310 811 quam

285 831 449 899 clarissimi
478 833 560 897 cives
589 854 653 896 non
684 830 827 896 tulerunt
857 831 876 898 i.
901 855 929 897 e.
961 833 1143 913 Senatores,
1178 857 1241 900 non
1273 845 1312 901 ut

283 944 368 1011 idem
398 968 470 1009 cura
500 943 617 1023 voluit,
649 945 785 1029 Equites.
815 945 841 1033 ¹)
890 943 1005 1030 Opinio
1034 967 1053 1009 a
1083 969 1135 1011 me
1168 946 1310 1033 prolata,

284 1079 381 1144 quarn
411 1079 520 1122 reram
546 1080 611 1122 esse
642 1057 771 1121 omnino
801 1078 865 1121 nou
896 1078 972 1143 prae
999 1080 1051 1123 me
1073 1057 1158 1138 fero,
1194 1061 1312 1145 optime

284 1179 390 1235 tamen
429 1180 465 1234 ut
499 1169 575 1234 mihi
613 1168 737 1234 videtur
770 1167 927 1233 stabilitur
959 1168 1065 1254 priore
1100 1169 1170 1235 loco
1203 1171 1310 1237 Schol.

283 1280 360 1346 Bob.
395 1279 479 1370 (vide
502 1304 533 1366 p.
558 1280 619 1346 On.
645 1279 735 1366 253.)
772 1289 809 1344 ut
838 1279 877 1344 de
905 1279 1035 1365 reliquis
1063 1279 1180 1347 iudices
1209 1281 1311 1347 habe-

283 1402 396 1458 rentur
434 1394 545 1479 utique
584 1392 774 1458 infestissimi
807 1414 934 1457 causam
968 1391 1159 1472 dicentibus,
1201 1404 1313 1480 utpote

284 1527 364 1591 quos
383 1514 546 1569 accusator
567 1503 607 1567 ad
626 1525 716 1567 suam
734 1501 930 1567 voluntatem
950 1500 1165 1589 praelegisset,
1190 1501 1313 1570 edendo

284 1638 337 1681 eas
366 1616 483 1693 tribus,
520 1637 598 1701 quas
628 1638 683 1680 reo
713 1615 818 1679 minus
848 1636 964 1700 aequas
990 1613 1056 1678 fore
1087 1614 1310 1684 arbitrabatur.

283 1728 395 1792 Totam
419 1726 537 1791 tribum
560 1748 624 1791 non
647 1725 814 1803 iudicasse,
839 1725 950 1803 credo,
975 1736 1097 1791 certum
1116 1736 1178 1807 est3
1204 1727 1230 1793 si
1248 1729 1313 1815 igi-

283 1850 338 1904 tur
369 1839 423 1925 qui
453 1837 548 1902 alicui
575 1836 672 1902 tribui
703 1836 850 1922 adscripti
876 1848 968 1916 sunt,
1000 1832 1172 1924 quidquam
1195 1839 1314 1924 possint

284 1948 324 2015 ad
354 1949 455 2035 ipsum
487 1948 639 2015 iudicium
671 1949 774 2014 faeere
797 1948 817 2015 i.
842 1972 871 2015 e.
901 1950 927 2015 si
957 1936 1253 2035 aliquid'efficietur
1275 1974 1314 2017 eo

318 2155 339 2224 ¹)
356 2156 433 2209 Gara.
458 2173 498 2222 op.
523 2157 541 2206 l.
565 2172 589 2221 p.
614 2161 673 2207 314.
698 2173 724 2206 n.
743 2161 800 2206 189.
818 2155 850 2207 ei.
868 2170 1007 2207 uosmsrrr.
1026 2172 1066 2221 op.
1084 2156 1102 2206 l.
1120 2172 1144 2222 p.
1164 2161 1206 2207 64.
1224 2173 1251 2208 n.
1273 2163 1313 2209 13.

247 2298 256 2313 .
284 2243 368 2292 Multo
388 2244 535 2307 prudentius
552 2241 638 2290 scribit
654 2254 799 2303 1111111111
818 2241 840 2290 I.
859 2242 907 2304 Ep.
927 2246 941 2290 5
960 2242 991 2290 de
1010 2255 1040 2290 ea
1057 2241 1113 2304 iege
1130 2256 1207 2306 qnam
1225 2242 1325 2292 Patres·

284 2340 336 2375 uon
359 2326 486 2386 tulerunt,
510 2341 587 2390 quam
610 2336 741 2373 uouusru
765 2322 783 2371 l.
802 2322 819 2371 1.
855 2323 905 2372 Hie
923 2323 991 2372 enirn
1009 2322 1084 2372 refert
1102 2337 1162 2372 erun
1180 2323 1262 2373 locum
1280 2325 1314 2373 ad

283 2410 367 2474 legem
384 2427 460 2475 qnam
477 2424 585 2460 sanvrus
602 2421 736 2459 1111111111
757 2408 912 2471 flagitaverat
931 2422 1057 2472 quamquo
1074 2408 1183 2459 Senatus
1199 2410 1313 2474 repudia·

250 2497 254 2505 '
283 2495 321 2546 vit
336 2495 377 2544 his
393 2495 549 2557 argumentis
566 2494 640 2543 eredo
658 2492 819 2557 (quamquam
837 2493 869 2542 de
886 2493 917 2541 iis
935 2492 1016 2559 taeetJ:

322 2582 344 2626 1.
368 2578 443 2638 Quod
467 2578 493 2626 iu
516 2583 578 2624 orat.
598 2590 621 2639 p.
641 2575 709 2624 Mur.
728 2580 760 2622 23
780 2575 793 2638 b
811 2579 842 2623 17
862 2575 966 2637 legitur:
987 2574 1053 2623 uilla
1069 2575 1178 2626 Senatus
1195 2574 1313 2644 frequens

283 2692 319 2701 -
338 2664 497 2728 urepudiavit
514 2690 548 2698 —
567 2663 634 2712 idern
651 2646 744 2711 indices
762 2662 872 2711 editicios
890 2675 943 2712 esse
957 2660 1081 2711 voluisti”
1098 2670 1155 2712 cett

319 2753 343 2798 2.
362 2750 437 2810 Quod
461 2750 487 2798 in
512 2747 597 2797 Schol.
617 2747 681 2796 Bob.
701 2762 725 2811 p.
743 2760 785 2795 on.
804 2750 863 2795 262.
885 2747 917 2795 nd
936 2747 999 2796 haec
1017 2746 1071 2809 ipsa
1088 2748 1166 2797 verba
1182 2747 1219 2797 sic
1235 2762 1312 2799 anuo·

283 2841 364 2885 tntum
386 2834 528 2885 invenimus
553 2841 597 2882 net
620 2833 669 2883 huc
691 2832 718 2882 in
742 2839 812 2896 perte
834 2831 1098 2881 commemorationem
1121 2829 1214 2880 videtur
1231 2832 1323 2885 facere·

286 2932 415 2969 uruuurus
439 2920 491 2968 eius
506 2918 624 2982 temporis
641 2920 713 2982 quo”
731 2920 848 2980 {scurrus
866 2918 1008 2981 sunmerso)
1023 2923 1080 2966 cett.
1107 2916 1209 2966 Nomen
1225 2930 1313 2970 suurn

284 3016 344 3053 vero
364 3003 486 3052 insertum
505 3009 541 3051 est
556 3002 582 3050 b.
598 3002 614 3050 l.
630 3018 646 3050 u
663 2999 838 3066 nduacumot
857 3001 888 3050 ct'.
907 3017 931 3065 p.
951 3005 1010 3049 255.
1029 3018 1054 3050 n.
1077 3005 1115 3049 15.

317 3086 367 3138 Ille
384 3095 469 3137 autem
487 3087 554 3136 nude
571 3085 656 3135 scribit
672 3086 704 3134 de
723 3086 771 3135 huc
788 3085 844 3147 lege
862 3101 886 3149 p.
903 3090 933 3133 21
955 3101 989 3135 m.
1014 3085 1061 3134 nin
1078 3085 1191 3136 oratione
1208 3085 1312 3150 quidem

284 3184 350 3234 upro
378 3171 466 3219 Plane.
496 3177 706 3219 commemoratur
729 3169 773 3218 lex
798 3170 923 3233 quaedum
949 3170 981 3218 do
1007 3170 1102 3218 ambitu
1132 3184 1197 3233 qnae
1224 3179 1311 3220 tamea

284 3254 401 3319 ‚perlata
416 3270 467 3303 non
482 3256 539 3304 est''
557 3261 614 3302 cett.
650 3253 679 3303 Si
696 3266 790 3302 crosno
808 3254 874 3303 hune
891 3267 977 3302 suasu
995 3252 1078 3315 legem
1096 3261 1229 3317 spectasset
1244 3262 1312 3305 certe

282 3337 314 3387 de
339 3352 368 3387 eo
392 3338 483 3387 iudicio
505 3337 638 3401 Equitibns
662 3337 781 3386 mundato
804 3337 900 3387 locutus
922 3344 985 3386 esset
1004 3338 1029 3386 iu
1049 3336 1118 3387 Orat.
1137 3352 1161 3401 p.
1179 3337 1248 3386 Mur.
1266 3338 1312 3388 ubi

282 3420 363 3469 multa
382 3422 520 3485 expromsit
543 3421 574 3469 de
596 3421 653 3482 lege
673 3435 690 3470 a
707 3433 802 3471 aaurro
818 3435 938 3471 sunrrcro
956 3403 1075 3483 flugitma
1110 3422 1143 3471 lu
1160 3421 1237 3485 plane
1253 3437 1311 3473 eou-

285 3506 374 3554 trarias
400 3514 482 3569 partes
505 3506 557 3554 abit
582 3518 653 3554 euru.
681 3521 705 3570 p.
731 3512 782 3555 314
806 3522 841 3571 sq.
867 3507 950 3556 locum
973 3506 1059 3556 Schol.
1077 3507 1111 3555 sie
1129 3508 1248 3571 explens:
1265 3509 1312 3573 qui

283 3589 401 3653 (Servilia
428 3591 472 3641 lex
495 3592 712 3655 repetundarum);
739 3593 783 3641 sed
806 3593 871 3642 bane
897 3593 1042 3657 opinionem
1067 3591 1157 3642 falsam
1181 3607 1234 3643 esee
1251 3594 1311 3643 ouda

282 3675 455 3726 demonstrant
481 3690 617 3726 crcunoms
644 3678 733 3726 verba:
761 3693 840 3742 nuper
865 3678 999 3727 clarissimi
1022 3678 1070 3726 riri
1093 3668 1151 3727 cett
1170 3677 1243 3741 [nam
1265 3677 1311 3728 lex

282 3760 391 3811 Servilia
406 3762 457 3812 lata
475 3770 511 3812 est
527 3770 637 3826 ternpore
652 3762 815 3812 Sullanurrun
830 3764 1053 3828 Marianurnmque
1067 3765 1197 3813 turbarum
1202 3785 1209 3822 ;
1224 3777 1311 3813 secun·

281 3844 343 3895 dum
364 3861 503 3897 suasanus
527 3847 552 3896 iu
579 3847 675 3911 proleg.
696 3848 728 3896 ad
752 3847 817 3896 haue
842 3846 925 3909 legem
947 3849 1012 3897 inter
1036 3863 1058 3897 a
1077 3864 1102 3897 u.
1117 3865 1139 3898 c.
1163 3851 1309 3897 eta—eor.

282 3930 339 3980 ride
363 3946 406 3981 ou.
430 3933 456 3982 in
479 3932 537 3982 Ind.
556 3932 618 3995 Leg.
641 3947 665 3996 p.
686 3937 736 3981 270
754 3932 804 3996 sq]
840 3933 906 3982 Vide
929 3941 1057 3998 praeterea
1078 3945 1261 3983 nouusaruurr
1284 3947 1310 3996 p.
1349 3920 1355 3930 ’

283 4018 315 4064 63
334 4029 370 4080 sq.
389 4032 414 4066 n.
437 4022 476 4065 12.
512 4016 562 4066 Res
581 4024 610 4067 ut
632 4016 697 4066 mihi
714 4017 813 4067 ridetur
830 4017 958 4069 obscurior
975 4025 1026 4078 est,
1045 4034 1122 4083 quam
1138 4031 1204 4084 quse
1220 4018 1310 4068 confici

283 4100 366 4162 possit.
