2910 4950
662 418 703 484 77

167 631 187 697 i.
203 652 231 695 e.
255 627 400 715 quamvis
422 644 570 691 esurires
593 626 787 691 commiserit
805 625 975 705 ambitum,
1009 637 1114 694 tumen
1136 648 1194 693 aa·

167 762 269 804 rurus
298 739 332 803 in
362 736 515 802 iudicium
541 744 588 800 est
609 745 740 800 vocatus
764 734 805 824 ι).

211 849 347 919 Videtur
364 847 426 913 hoc
449 846 665 913 luctandum
685 870 767 927 esse,
792 870 889 934 quam
909 870 1023 935 parum
1041 849 1097 914 sibi
1116 871 1197 914 cen-

165 972 226 1028 stet
248 984 325 1026 asra
349 960 391 1048 Ξ).
437 959 552 1024 Scribit
570 959 641 1048 lege
662 960 809 1025 Cornelia
830 960 941 1025 Fulvia
967 959 1044 1048 (leta
1062 982 1091 1025 a.
1112 982 1145 1025 u.
1166 980 1194 1025 c.

169 1073 246 1139 595.
275 1095 304 1138 a.
333 1073 368 1138 G.
398 1069 477 1158 159)
501 1094 566 1136 esse
588 1071 743 1136 sancitum
766 1081 803 1137 ut
824 1095 864 1137 ex
886 1071 941 1137 illa
964 1071 1035 1161 lege
1056 1071 1198 1137 damnati

166 1205 226 1270 per
248 1207 270 1248 x
288 1205 388 1248 annos
410 1185 655 1272 magistratuum
678 1184 827 1269 petitione
850 1183 1042 1248 abstinerent
1061 1194 1092 1247 et
1111 1204 1199 1248 nune

166 1295 275 1360 scribit
305 1295 343 1360 de
371 1318 523 1373 ruricio,
554 1318 629 1359 eum
659 1317 726 1359 esse
755 1294 952 1372 absolutum,
977 1292 1062 1379 quod
1090 1293 1200 1379 paullo

167 1416 238 1495 post
271 1406 384 1472 consul
418 1406 523 1473 fuerit.
569 1407 613 1470 At
641 1406 695 1471 ille
729 1405 928 1471 consulatum
963 1406 1077 1470 iterum
1112 1405 1201 1490 petiit

169 1542 191 1583 x
222 1519 313 1583 annis
342 1528 452 1605 postea
476 1517 516 1605 ³).
568 1517 626 1605 [De
659 1516 854 1583 absolutione
884 1517 984 1606 igitur
1012 1515 1059 1582 nil
1089 1515 1200 1582 confici

168 1653 209 1695 cx
232 1628 280 1696 his
302 1630 379 1696 locis
401 1630 529 1717 potcst].

214 1765 247 1832 4.
283 1787 317 1831 ι.
340 1786 474 1830 aurern
496 1785 673 1829 cussonis:

171 1912 199 1957 a.
224 1912 257 1956 u.
282 1913 310 1956 c.
336 1890 412 1958 657.
436 1912 456 1955 a
478 1891 512 1956 C.
538 1891 580 1955 97
604 1899 771 1956 accusante
794 1913 827 1956 u.
849 1911 1002 1957 nunerio.
1048 1889 1118 1975 Ipse
1140 1908 1200 1975 pro

167 2024 201 2068 se
220 2001 299 2067 dixit
313 2001 353 2091 ⁴).
381 2025 415 2068 u.
440 2023 596 2067 iuremus
620 2013 651 2066 et
674 2001 798 2088 collega
814 2024 842 2066 ι.
863 2023 1013 2080 rsaccus,
1034 2022 1199 2065 nuuenmu

168 2123 282 2180 senatu
312 2123 492 2178 moverunt.
540 2113 701 2178 Arrenius
732 2113 831 2199 igitur
860 2110 1027 2176 damnatus
1048 2133 1113 2175 nou
1135 2119 1197 2187 est,

168 2223 358 2311 magistratu
380 2224 464 2288 enim
485 2223 671 2311 fungentem
692 2244 842 2288 accusare
864 2245 928 2286 non
948 2221 1070 2287 licebat.
1094 2222 1201 2286 Arre·

169 2459 221 2514 tus
239 2447 280 2514 sit
303 2469 459 2513 eunomus
480 2446 599 2536 legitur
617 2447 703 2535 apud
722 2469 886 2513 rensuum
909 2468 976 2510 uix
1003 2444 1042 2532 ὕ).

213 2581 245 2649 5.
281 2583 349 2649 Tra.
375 2604 517 2647 sarran:

215 2693 246 2760 6.
283 2695 318 2760 Ρ.
343 2717 478 2760 norrun:
567 2776 573 2787 1

168 2819 225 2907 qui
248 2819 389 2885 damnati
412 2831 502 2899 sunt,
531 2820 585 2884 sed
608 2829 716 2906 postea
735 2820 767 2884 in
786 2821 947 2907 integrum
966 2819 1099 2885 restituti
1121 2819 1200 2909 legis
1243 2820 1248 2827 ’

168 2931 332 3016 praemio,
358 2943 428 2996 ante
451 2931 548 3016 leqem
574 2928 774 3017 Calpurniam
791 2928 817 3016 ⁸)
844 2928 1033 2997 introducto.

216 3067 248 3131 7.
285 3087 313 3131 ι.
338 3086 509 3130 cssruann
530 3087 661 3131 arsonis:

171 3190 329 3271 eiusdem,
363 3193 417 3278 qui
449 3192 552 3281 legem
585 3191 659 3258 tulit
687 3189 726 3257 de
748 3190 869 3256 ambitu
899 3189 1113 3270 ἀναγκασθεὶς
1139 3191 1198 3258 ὑπὸ

204 3434 224 3500 ¹)
243 3437 311 3486 Vide
334 3436 366 3486 de
389 3436 481 3486 tabulis
499 3435 604 3500 expensi
622 3442 647 3485 et
661 3434 756 3499 accepti
773 3448 893 3485 amaru
912 3435 1018 3485 Excurs.
1036 3435 1073 3485 11.
1100 3438 1132 3485 ed
1149 3450 1198 3489 erc.

169 3520 246 3570 libros
264 3521 296 3570 ds
314 3519 385 3572 Offic.
404 3530 422 3570 t.
440 3521 479 3570 11,
496 3536 521 3585 p.
541 3525 614 3580 4³2,
632 3521 676 3584 qui
703 3535 821 3569 excursus
839 3521 982 3570 inscribitur
1005 3521 1037 3569 de
1051 3517 1199 3571 Litterarum

169 3602 327 3669 obliqatiene,
345 3605 377 3654 de
393 3620 502 3669 quarum
519 3605 546 3654 vi
565 3605 592 3654 in
610 3603 707 3652 iudiciis
724 3603 774 3652 vid.
792 3616 864 3652 eura.
883 3619 908 3666 p.
930 3607 978 3651 143
996 3616 1033 3666 sq.

203 3686 377 3763 ²)Ru31s.op.
396 3689 414 3740 1.
432 3705 458 3754 p.
478 3692 536 3741 708.

205 3768 226 3839 3)
242 3772 313 3824 Fasti
340 3772 415 3823 Cous.
440 3789 463 3822 a
487 3789 513 3822 u.
538 3788 559 3823 c.
579 3775 638 3822 646.
656 3787 672 3822 a
688 3770 718 3823 C.
740 3775 797 3822 106.
815 3786 876 3821 nam
894 3773 944 3820 649
962 3770 1050 3820 consul
1068 3779 1128 3820 erat

205 3855 226 3924 4)
243 3856 298 3908 Cre.
322 3858 354 3906 de
378 3856 421 3907 Or.
446 3857 482 3906 11.
508 3859 540 3906 68
567 3859 581 3920 ξ
606 3860 664 3906 275.
705 3856 750 3906 Ad
772 3856 839 3906 hanc
856 3869 958 3906 causam
975 3855 1051 3904 etiam
1067 3855 1199 3906 referenda

170 3941 300 4001 ridentur,
317 3955 382 4006 quae
399 3941 518 4004 leguntur
535 3943 594 3991 ibid.
613 3946 646 3991 64
666 3943 681 4004 ξ
700 3944 759 3991 267.

205 4021 226 4091 ⁸)
244 4028 314 4078 Vas.
332 4040 400 4076 arax.
417 4027 455 4076 11.
474 4027 524 4089 9·§
543 4031 567 4076 6.
602 4027 735 4076 Marassa
753 4025 784 4075 fr.
803 4024 847 4078 Or.
865 4040 890 4090 p.
912 4029 969 4075 1⁴³.

205 4106 228 4175 6)
245 4111 313 4160 Vide
331 4110 397 4162 infra
412 4111 446 4160 ad
463 4111 545 4174 legem
562 4109 734 4176 Calpurniam.
