2910 4950
650 436 692 502 57

161 650 321 730 exstitisse;
359 647 490 713 fortasse
519 644 559 711 ad
585 643 766 731 exemplum
793 644 981 732 Calpurniae
1008 647 1086 736 legis
1108 670 1183 714 mox

164 761 243 826 latae
265 769 355 840 stmt3
381 780 455 823 nam
480 756 620 844 quaestio
638 755 677 821 de
700 756 821 821 ambitu
845 767 909 822 tam
932 768 1017 824 arete
1039 759 1185 825 cohaeret

162 894 235 937 cum
258 869 440 958 quaestione
462 867 500 933 de
522 866 719 954 repetundis,
750 879 788 932 ut
809 868 896 934 illam
923 870 989 935 sine
1011 869 1071 935 hae
1094 871 1185 959 cogi-

163 992 231 1048 tare
255 984 307 1046 vix
329 982 425 1068 possis
448 980 487 1069 ¹).

208 1096 391 1158 Pousousus
406 1092 451 1181 ²),
476 1093 531 1178 qui
552 1114 617 1157 non
637 1091 746 1157 ordine
764 1091 818 1158 sed
840 1092 913 1158 satis
936 1093 1066 1159 conium
1084 1116 1186 1160 uuum

165 1205 364 1291 alterumque
386 1225 599 1290 eorumquae
625 1203 761 1268 diximus
785 1205 946 1290 exposuit,
970 1204 1009 1269 de
1032 1207 1188 1290 quaestio-

164 1318 256 1384 nibus
278 1317 436 1405 perpetuis
461 1314 619 1403 (publicis)
645 1338 685 1379 ne
705 1314 838 1379 verbum
866 1314 993 1401 quidem
1016 1315 1095 1382 dixit
1116 1325 1190 1382 ante

135 1503 148 1521 .
163 1452 302 1508 susanam
331 1450 406 1495 nam
430 1426 538 1491 scribit
559 1436 629 1513 post
648 1448 681 1491 ιι
704 1425 881 1512 provincias
903 1426 1055 1492 devictas:
1085 1429 1189 1510 „toti-

166 1591 185 1624 „
195 1539 266 1606 dem
291 1548 451 1625 praetores
483 1546 560 1623 quot
582 1537 763 1623 provinciae
789 1537 820 1601 in
844 1535 992 1602 ditionem
1017 1537 1188 1618 venissent,

165 1675 259 1736 „esse
285 1661 423 1729 creatos,
456 1649 571 1736 partim
601 1649 656 1735 qui
687 1647 782 1714 rebus
812 1649 957 1727 urbanis,
989 1650 1103 1736 partim
1135 1650 1192 1735 qui

166 1763 439 1853 „provincialibus
472 1772 660 1849 praeessent.
715 1760 833 1827 Deinde
867 1783 1040 1826 consessus
1077 1784 1189 1839 susas,

167 1879 388 1966 „quaestiones
411 1874 553 1962 publicas
575 1874 737 1940 constituit
759 1873 858 1939 veluti
881 1872 919 1938 de
939 1872 1030 1953 falso,
1060 1872 1099 1939 de
1117 1894 1191 1961 par·

167 2040 186 2073 „
196 1986 322 2064 nisidio,
347 1984 387 2049 de
409 1983 526 2048 sicariis
548 1993 580 2048 et
602 1994 763 2069 praetores
786 2005 819 2047 ιι
843 1982 988 2049 adiecit.’'

170 2142 173 2149 ·
211 2098 316 2165 Credit
337 2096 421 2160 enim
445 2116 621 2159 soueosms
645 2104 682 2158 ut
705 2092 783 2158 mihi
803 2091 929 2158 videtur
951 2116 1013 2159 ιιιι
1033 2094 1192 2180 quaestio-

167 2231 224 2278 nes
250 2208 321 2274 illae
347 2228 456 2271 omues
489 2227 508 2271 a
534 2228 630 2270 suam
661 2228 728 2270 esse
757 2204 914 2270 institutas
940 2205 967 2295 ⁸)
1005 2206 1090 2293 quod
1120 2205 1194 2273 inde

169 2320 315 2390 conficio:

169 2457 199 2500 a.
239 2429 325 2519 quod
342 2428 466 2495 nullam
485 2428 614 2494 illarum
634 2428 854 2515 quaestionum
871 2437 943 2495 ante
959 2452 1081 2495 suessa
1099 2428 1193 2498 faciat

235 2543 445 2620 mentionem,

169 2658 198 2722 b.
238 2654 323 2744 quod
346 2677 423 2720 usus
440 2653 479 2718 sit
501 2654 534 2718 in
554 2653 791 2719 enumeratione
809 2651 1018 2721 Sullanarum
1038 2655 1192 2742 quaestio-

204 2941 225 3007 2)
242 2944 325 3005 Leges
349 2942 382 2992 de
407 2942 504 2991 ambitu
526 2954 600 3005 saepe
622 2943 654 2991 ab
681 2942 769 2991 eodem
792 2941 940 3004 magistratu
959 2943 1025 2994 letae
1042 2952 1102 2994 sunt
1118 2944 1194 2996 simul

168 3043 228 3080 eum
250 3027 348 3090 legibus
368 3040 434 3092 quse
455 3026 582 3091 pertinent
604 3026 637 3075 ad
659 3025 808 3090 provincias.
842 3024 885 3075 Sio
902 3041 958 3076 uc.
976 3040 1071 3077 masao
1088 3029 1147 3079 tulit
1162 3029 1195 3080 de

168 3115 265 3165 ambitu
286 3121 312 3164 et
328 3114 360 3163 de
374 3113 540 3176 legationibus
554 3112 644 3163 liberie.
662 3112 717 3163 Cic.
735 3112 768 3161 de
784 3113 864 3175 Legg.
885 3113 936 3163 111.
953 3117 977 3164 8.
998 3115 1012 3177 §
1033 3119 1063 3164 19
1082 3115 1107 3164 ἰιι
1126 3114 1194 3166 Rull.

168 3200 192 3249 L
211 3204 236 3248 3.
256 3199 271 3261 ς
289 3201 313 3247 8.
350 3196 402 3258 Qui
424 3197 493 3246 enim
514 3197 566 3246 illis
582 3196 735 3260 temporibus
752 3195 791 3245 ius
808 3194 943 3258 legationis
957 3197 1052 3248 liberae
1068 3197 1195 3251 habebant

168 3285 283 3334 solebant
299 3296 394 3333 vexere
411 3282 576 3346 provinciales
590 3290 616 3332 et
628 3282 689 3346 reip
704 3295 780 3330 eausa
793 3281 878 3332 abesse
893 3283 1046 3334 dicebantur.
1067 3284 1099 3334 et.
1114 3298 1194 3336 sorr·

169 3383 245 3420 nanu
271 3369 328 3418 dise.
354 3383 419 3432 quae
444 3368 556 3418 eontinet
580 3366 717 3429 singularia
741 3367 823 3430 eapite
845 3381 879 3417 ex
902 3367 1007 3418 historia
1029 3369 1074 3420 111
1091 3370 1193 3420 viratus

170 3454 286 3505 Fraueot
304 3454 337 3502 ed
355 3453 444 3503 Viadr.
466 3456 539 3501 1797.
559 3453 574 3515 §
592 3456 616 3501 9.
634 3451 700 3515 apud
717 3451 833 3502 Fellenb.
851 3452 888 3502 11.
904 3467 928 3517 p.
948 3458 1007 3503 291.

205 3539 257 3599 Qui
271 3546 355 3603 postea
371 3538 523 3600 legationem
537 3537 644 3586 liberam
658 3537 786 3588 habebant
798 3553 850 3589 uon
863 3540 1030 3590 censebantur
1044 3541 1105 3605 reip
1120 3554 1195 3592 eausa

170 3625 265 3675 abesse
283 3624 354 3672 114.
370 3624 396 3672 ff.
414 3620 444 3671 de
462 3621 621 3686 lequtionibse.

205 3704 227 3773 ²)
244 3707 366 3758 Pourou.
385 3706 403 3756 l.
421 3712 446 3755 2.
464 3707 490 3755 ff.
510 3707 525 3769 5
542 3711 583 3755 at.
601 3703 631 3754 de
652 3703 716 3771 Oriy.
735 3703 811 3758 Iuris.

205 3789 226 3857 ⁵)
244 3792 320 3842 Alius
338 3806 407 3841 error
424 3798 461 3841 est
477 3803 620 3850 senona,
638 3792 706 3856 quod
727 3793 820 3856 eogitet
835 3792 868 3844 de
886 3790 913 3842 X
938 3793 1106 3857 praetoribus:
1123 3790 1194 3842 vm

172 3876 242 3929 enim
259 3883 338 3926 erent.
364 3873 420 3925 Cic.
438 3889 462 3938 p.
481 3874 537 3924 Mil.
555 3890 577 3924 e.
598 3879 637 3924 15.
655 3874 687 3925 cl.
706 3883 762 3939 post
775 3873 835 3925 Red.
854 3876 881 3924 lu
898 3874 959 3924 Seu.
977 3891 999 3925 o.
1013 3880 1036 3924 9.

204 3961 312 4013 cmm
328 3959 356 4010 X
373 3960 486 4009 instituit.
520 3959 573 4009 Dio
591 3973 659 4009 csse.
679 3959 765 4008 XLII.
786 3963 828 4009 51.
863 3957 940 4009 Gaia.
958 3974 991 4024 op
1008 3959 1026 4010 l.
1041 3974 1065 4024 p.
1084 3964 1140 4010 181.

204 4045 264 4097 Non
287 4047 379 4096 dautur
399 4044 558 4111 quaestiones
577 4051 710 4110 perpetuae
738 4044 847 4109 praetori
869 4044 967 4096 urbano
989 4043 1031 4106 vel
1052 4045 1193 4112 peregrino.

170 4129 255 4183 ama
271 4129 319 4196 Ep.
333 4129 381 4181 11..
391 4133 415 4179 9.
449 4127 525 4182 Gn.
544 4143 583 4194 op.
602 4129 620 4178 l.
638 4143 663 4193 p.
685 4132 733 4180 189
752 4143 789 4195 sq.
1189 4120 1193 4127 ¹
