2910 4950
780 415 845 480 196

239 647 245 653 ·
336 626 382 688 Er
405 623 465 688 hoc
490 620 643 709 principio
664 619 790 686 ridetur
812 621 1083 709 interpretandum
1103 626 1188 712 quod
1207 632 1314 714 posui:

337 738 393 804 lv.
445 737 487 801 Ut
519 735 574 820 qui
604 735 823 822 magistratum
853 736 1019 821 gessissent
1048 737 1088 802 ab
1120 739 1187 805 eius
1223 743 1317 829 (rou-

292 849 368 936 rrn)
395 847 562 913 consulatu
588 847 692 932 primo
713 845 755 911 ad
781 847 909 912 tertium
932 847 972 913 ad
995 861 1139 916 actorum
1162 855 1317 922 rationem

294 958 486 1026 reddendam
503 969 628 1045 possent
646 957 768 1035 vocari,
786 958 867 1039 νόμῳ
880 984 916 1024 τε
930 958 1031 1043 ἔριζεν
1046 962 1110 1026 ἀπὸ
1126 971 1182 1036 τῆς
1203 966 1316 1032 ἑιυτιῦ

292 1075 328 1138 τὸ
350 1078 467 1154 πρῶτον
487 1070 642 1141 ὑπατείαις
666 1071 696 1142 ἐς
715 1071 751 1135 τὸ
773 1072 869 1151 παρὸν
890 1072 1021 1137 εὐθύνειν
1040 1074 1093 1137 τὸν
1114 1076 1261 1140 ἐθέλοντι
1278 1077 1317 1165 1).

293 1187 384 1268 Quae
407 1182 528 1248 reddidi
546 1183 653 1247 Latine
669 1205 734 1247 non
753 1181 848 1269 plane
865 1183 1019 1272 leguntur
1040 1186 1072 1250 in
1095 1187 1240 1267 Graecis,
1264 1188 1319 1254 ubi

292 1297 333 1362 de
355 1294 589 1383 magistratibus
613 1294 704 1359 nulla
728 1295 764 1359 fit
786 1297 921 1374 mentio,
952 1295 1006 1361 sed
1029 1319 1137 1362 reram
1160 1322 1226 1364 esse
1247 1323 1318 1366 eam

293 1408 583 1495 interpretationem
601 1405 673 1471 inde
692 1406 855 1493 probatur,
872 1409 957 1493 quod
975 1409 1079 1475 statim
1099 1423 1250 1497 sequatur
1270 1413 1319 1478 in·

293 1529 342 1586 ter
366 1545 377 1586 r
399 1532 431 1586 et
453 1543 490 1585 ιιι
510 1520 649 1606 Pompeii
677 1519 877 1585 consulatum
908 1542 1071 1586 caralim
1101 1524 1195 1589 etiam
1224 1523 1320 1590 fuisse

293 1633 473 1710 consulem,
505 1631 560 1717 qui
594 1632 692 1718 igitur
725 1630 766 1696 ad
796 1632 951 1698 rationem
985 1632 1178 1700 reddendam
1211 1637 1320 1701 vocari

292 1755 405 1831 posset.
452 1746 520 1809 lloe
548 1752 644 1829 caput
677 1743 804 1829 proprie
836 1743 915 1809 nihil
949 1743 1056 1810 valere
1089 1745 1130 1812 ad
1163 1747 1318 1812 ambitum

292 1853 504 1921 coercendum
538 1877 595 1941 per
617 1878 650 1919 se
681 1866 826 1942 apparot3
853 1878 1005 1922 nourrius
1028 1857 1131 1924 solum
1156 1857 1317 1938 studebat,

292 1966 378 2053 quod
400 1979 485 2033 reete
505 1990 653 2034 cumanis
670 1968 762 2033 amici
781 1966 944 2047 videbant,
965 1969 1160 2036 adversarios
1178 1994 1196 2036 e
1216 1971 1322 2037 medio

291 2078 419 2159 tollere3
438 2080 475 2145 iis
492 2081 547 2166 qui
569 2102 588 2144 a
604 2081 668 2144 suis
683 2079 807 2145 stabant
823 2080 966 2166 partibus
989 2082 1106 2167 optime
1124 2083 1273 2168 pepercit

336 2192 384 2255 Ex
406 2190 466 2257 hoe
489 2191 568 2280 lagia
590 2193 692 2279 eapite
715 2193 833 2258 factum
863 2204 969 2259 estut
996 2217 1152 2273 nussam,
1177 2216 1321 2260 marma

293 2314 325 2369 et
346 2326 483 2370 scamus
502 2305 564 2370 sint
586 2303 625 2368 de
648 2302 769 2369 ambitu
792 2304 880 2390 petiti
903 2327 942 2369 ex
962 2304 1033 2393 lege
1052 2305 1211 2391 Pompeia.

337 2416 385 2481 ld
404 2420 443 2488 V.
490 2418 570 2481 Cum
592 2415 646 2493 iis,
676 2438 757 2502 quae
779 2416 916 2481 diximus
938 2416 978 2481 ad
1002 2418 1032 2480 ll
1055 2416 1095 2483 de
1120 2417 1222 2483 forma
1244 2418 1322 2483 bre-

293 2527 381 2591 viore
410 2526 515 2592 iudicii
546 2537 578 2591 et
605 2526 644 2591 de
674 2525 876 2592 multitudine
905 2549 925 2591 a
951 2525 1066 2593 iudicio
1093 2529 1160 2615 ipso
1183 2526 1322 2594 arcenda

296 2640 488 2705 conveniunt
510 2639 627 2725 optime
645 2660 726 2725 quae
746 2637 797 2704 hie
815 2641 946 2726 apposui
968 2663 1034 2722 „ne
1054 2641 1125 2726 quis
1142 2662 1233 2707 reum
1248 2638 1323 2705 lau-

295 2749 442 2833 ‚,daret''.
489 2753 565 2815 Erat
583 2749 689 2815 hercle
707 2772 833 2815 neeesse
851 2761 887 2815 ut
904 2751 980 2816 istae
1000 2750 1195 2818 laudationes
1214 2776 1232 2817 e
1253 2751 1325 2818 loro

296 2864 441 2926 Romano
458 2860 660 2938 tollerentur,
681 2870 718 2924 ut
735 2860 778 2925 ita
791 2858 878 2925 aliud
896 2884 998 2949 genus
1015 2861 1239 2950 corrumpendi
1258 2885 1324 2931 non

296 2972 412 3038 diutius
444 2971 581 3038 obstaret
609 2969 825 3038 iurisdietioni.
886 2972 1093 3040 laudationes
1126 2976 1211 3041 enim
1242 2997 1325 3062 quae

296 3094 389 3150 antea
411 3093 503 3149 erant
524 3107 589 3148 non
611 3082 825 3169 reprehendo,
849 3083 904 3150 sed
927 3085 1037 3172 quales
1059 3088 1234 3153 exstiterint
1251 3086 1323 3156 h.t.

297 3197 405 3284 paneis
427 3194 529 3261 dicam
554 3206 590 3260 ut
607 3205 774 3281 appareat,
799 3217 896 3282 quam
920 3207 1029 3284 turpes
1050 3209 1254 3287 eotempore
1272 3220 1326 3265 ar·

296 3308 454 3397 ripuerint
482 3307 618 3372 Romani
642 3306 766 3386 modos,
798 3316 835 3372 ut
856 3307 974 3373 amieos
995 3306 1047 3373 vel
1070 3307 1196 3388 affines,
1228 3309 1328 3375 immo

299 3443 369 3497 eoa,
394 3441 473 3505 quos
496 3417 562 3483 fere
584 3441 648 3483 non
668 3429 823 3484 noverant
845 3442 884 3485 ex
904 3418 1044 3485 iudicum
1063 3420 1209 3485 manibus
1224 3420 1327 3507 eripe-

300 3541 381 3599 rent.
428 3532 580 3596 Solanon
599 3551 629 3597 v.
648 3552 675 3598 c.
700 3529 873 3596 laudarunt
894 3554 914 3594 x
938 3530 1081 3597 homines
1103 3554 1246 3598 summae
1264 3553 1328 3598 au-

302 3644 468 3720 ctoritatis,
494 3643 577 3707 intra
600 3666 679 3729 quos
703 3666 736 3707 rx
760 3654 852 3708 erant
873 3642 1054 3708 consulares
1074 3643 1119 3732 ²);
1145 3666 1229 3708 unus
1248 3641 1329 3709 ado·

300 3754 420 3822 lescens
450 3754 605 3831 laudavit,
638 3756 693 3840 qui
722 3755 755 3820 in
782 3753 962 3820 laudatione
989 3753 1091 3821 multa
1112 3754 1277 3820 humiliter
1298 3765 1332 3821 et

301 3890 375 3934 eum
399 3867 536 3932 lacrimis
559 3866 683 3933 loeutus
704 3877 767 3945 est,
796 3888 860 3952 qua
888 3865 1069 3933 laudatione
1090 3864 1184 3932 multi
1204 3887 1333 3953 permo-

342 4031 350 4068 ¹
408 4032 653 4082 r.13.c.11.aa.

341 4035 361 4178 ²l
379 4034 477 4166 lilerium
493 4116 607 4165 omnium
622 4116 726 4165 nomina
740 4115 817 4165 habet
831 4127 885 4165 aar.
896 4116 928 4165 ad
937 4123 1000 4166 orat.
1013 4130 1038 4181 p
1048 4115 1144 4168 Sauro
1152 4130 1176 4181 p.
1185 4127 1229 4166 ou.
1239 4118 1281 4177 28,
1292 4117 1336 4165 2⁹.
