2910 4950
773 402 815 468 58

346 633 425 678 num
456 632 524 677 voe.
555 610 646 676 veluti
672 609 692 675 i.
713 632 741 676 e.
773 608 909 696 exempli
935 611 1038 698 gratia
1059 609 1085 699 Ι)
1119 633 1183 696 quo
1209 633 1304 676 nemo

346 742 490 807 unquam
512 728 637 798 utetur,
661 720 687 784 si
705 742 745 784 ex
763 743 796 785 iv
817 720 938 785 casibus
957 743 995 786 ιιι
1014 724 1054 787 sit
1070 722 1304 789 nominaturus.

325 834 430 898 Suana
453 834 551 921 igitur
573 856 607 897 ιι
630 831 748 899 addidit
770 833 979 919 quaestiones:

282 945 312 1011 l.
337 943 376 1008 de
399 937 487 1008 falso.

281 1057 313 1124 2.
337 1055 376 1121 de
400 1053 577 1142 parricidio.

281 1167 313 1234 3.
337 1166 376 1233 de
399 1167 534 1247 sicariis,
558 1165 609 1231 vel
631 1166 714 1231 inter
734 1165 862 1233 nicatius
880 1166 920 1254 ²).

281 1281 313 1347 4;
337 1278 376 1345 de
399 1277 555 1344 veneficiis
580 1277 620 1367 ³).

326 1391 436 1473 Quum
466 1413 562 1456 sunm
589 1399 687 1457 totam
712 1412 781 1457 rem
812 1390 1008 1457 iudiciariam
1042 1400 1167 1457 mutare
1195 1391 1307 1473 vellet,

280 1524 441 1588 novasque
467 1500 584 1568 multas
606 1500 704 1567 ferret
726 1501 826 1590 leges;
859 1525 934 1568 nam
961 1504 1216 1590 „eorrupusslma
1238 1505 1309 1571 Re-

281 1614 444 1701 „publicu
470 1613 627 1699 plurimae
654 1611 755 1696 legitd’
778 1613 804 1701 ⁴)
841 1614 935 1680 etiam
961 1616 994 1679 in
1018 1616 1161 1680 animum
1183 1614 1309 1681 induxit

281 1733 388 1792 vetera
417 1723 456 1789 de
486 1724 622 1808 antiquis
652 1724 885 1809 quaestionibus
907 1736 1076 1811 praecepta
1099 1748 1255 1792 renovare
1278 1736 1310 1792 et

281 1835 322 1904 ad
343 1859 417 1903 suas
440 1834 526 1924 leges
550 1835 804 1901 accommodare.

330 1947 490 2014 Habemus
524 1948 701 2013 testimonia
733 1958 877 2012 vaurum
909 1958 1077 2014 auctorum
1112 1949 1151 2014 de
1186 1948 1311 2037 legibus

280 2060 434 2128 Corneliis
451 2060 522 2126 latis
541 2059 579 2125 de
592 2060 731 2146 pecunias
747 2059 964 2149 repetundis)
987 2070 1019 2125 et
1037 2059 1075 2124 ds
1094 2060 1309 2149 maiestates).

281 2172 449 2240 Silentium
471 2183 578 2239 tamen
601 2171 702 2238 altum
724 2182 772 2238 est
793 2171 832 2238 de
855 2170 927 2261 lege
944 2172 1090 2238 Cornelia
1112 2172 1151 2238 de
1170 2173 1308 2255 ambitu;

316 2497 337 2566 1)
354 2501 422 2550 Vide
451 2497 569 2563 exempla
594 2496 673 2546 allata
697 2511 714 2546 a
741 2508 885 2548 nmasueuo
908 2499 942 2549 V.
967 2496 1008 2549 ci.
1037 2498 1064 2549 in
1088 2500 1203 2552 manuali
1225 2500 1311 2552 Latia.

283 2581 345 2633 font.
363 2584 415 2632 Inr.
434 2583 507 2632 Rom.
527 2596 551 2646 p.
574 2584 630 2630 188.
649 2580 666 2629 f.

317 2662 338 2731 ²)
355 2665 407 2731 [cf.
429 2667 462 2716 de
488 2680 518 2715 ea
544 2664 690 2729 quaestione
712 2664 778 2713 inter
805 2663 905 2715 sicarios
928 2666 980 2716 iem
1001 2675 1076 2719 antea
1099 2669 1225 2731 exercita,
1245 2684 1311 2735 qnae

286 2753 363 2803 habet
379 2765 474 2802 metuo
491 2751 523 2800 de
540 2749 597 2799 Pin.
616 2750 651 2798 Π.
672 2750 686 2811 §
705 2753 737 2798 54
757 2749 849 2813 (ibique
866 2749 1003 2814 mauviel]
1080 2764 1084 2771 ·

316 2833 338 2903 ³)
355 2837 395 2886 De
412 2842 501 2900 quarta
518 2835 664 2899 quaestione
682 2833 830 2896 ambigitur:

282 2920 342 2973 Vid.
359 2932 445 2969 moon.
464 2919 495 2968 de
512 2918 547 2967 A.
564 2917 591 2968 J.
609 2917 672 2980 Pop.
690 2916 763 2967 Rom
781 2916 818 2965 11.
840 2920 881 2965 ts.
900 2931 1011 2968 runata
1030 2918 1077 2982 Ep.
1095 2918 1117 2968 I.
1137 2922 1163 2967 ⁵.

316 3004 357 3055 De
370 3005 489 3054 universa
500 3014 602 3054 sennan
618 3001 777 3063 legislatione
793 3000 825 3051 ef.
840 3001 973 3065 dbputsdo
990 3003 1063 3054 Doet.
1074 3016 1261 3054 recusantur
1278 3006 1311 3057 da

281 3102 308 3141 ι.
324 3102 437 3140 sennan.
460 3100 546 3138 erma
566 3086 716 3148 legislatore.
739 3087 771 3135 1..
793 3086 824 3135 B.
852 3090 925 3137 1818.
960 3085 1009 3137 Cui
1032 3086 1138 3137 addetur
1163 3088 1311 3151 opuseulum

280 3174 354 3238 parvi
370 3173 491 3223 momenti
505 3179 531 3221 at
545 3172 665 3234 primario
679 3172 790 3234 praemio
807 3177 924 3221 ornatam
940 3171 1013 3221 noct
1023 3183 1135 3220 mauron
1148 3170 1217 3234 Lips.
1236 3174 1311 3239 teet,

281 3253 314 3305 de
336 3270 387 3320 quo
410 3270 472 3305 mox
498 3256 578 3319 plura.
593 3283 628 3292 -
650 3255 696 3305 Dr.
711 3269 740 3305 ιι.
754 3267 777 3305 a.
791 3256 937 3315 assumit,
955 3268 980 3304 1..
998 3266 1143 3303 consutus
1166 3266 1251 3305 suunt
1269 3271 1311 3320 ge·

282 3347 365 3390 nunt
389 3340 434 3391 der
456 3337 604 3391 Gliekliebe
624 3341 662 3392 als
685 3339 784 3392 Ordner
804 3340 848 3391 des
864 3339 938 3389 Rim.
955 3337 1105 3389 hebudes
1126 3342 1200 3390 1834.

317 3424 386 3474 Vide
402 3425 494 3474 horum
511 3439 616 3490 operum
634 3428 719 3494 κρίσιν
734 3426 762 3478 iu
774 3425 848 3476 Neue
861 3424 950 3476 Jahrb.
966 3423 1007 3474 fur
1020 3423 1115 3474 Pbilol.
1129 3426 1182 3476 und
1195 3427 1309 3492 Paedag.

283 3507 318 3559 Δ.
340 3513 414 3559 raas.
432 3525 456 3574 p.
476 3513 621 3561 ast-asa.

318 3591 408 3653 Quarti
425 3593 483 3644 libri
500 3595 527 3645 in
547 3610 577 3647 eo
599 3595 679 3645 diario
698 3592 899 3653 oommemorati,
921 3593 1069 3643 secundario
1085 3594 1198 3658 praemio
1214 3597 1310 3657 ornati,

283 3692 300 3727 a
315 3677 388 3729 Doet.
406 3693 551 3730 nansnoms
568 3680 714 3745 oonseripfi,
731 3679 803 3743 eopia
819 3678 884 3728 mihi
900 3677 966 3728 faeta
983 3694 1035 3728 non
1055 3685 1100 3730 est.

317 3759 339 3826 ⁴)
357 3763 423 3814 Tne.
442 3765 514 3814 Anu.
531 3765 583 3815 111.
603 3767 644 3816 at.
679 3764 787 3814 Annos.
807 3778 847 3828 ομ
866 3762 883 3811 l.
901 3776 926 3826 p.
945 3767 987 3812 st.
1006 3763 1047 3814 n0.
1067 3769 1092 3813 4.

318 3843 338 3913 ὗ)
356 3846 411 3900 cic.
429 3864 466 3913 pr.
481 3849 545 3901 Bab.
563 3848 624 3900 Post
641 3854 658 3899 4
676 3848 692 3911 8
709 3852 733 3896 9.
751 3859 847 3897 oanan.
865 3845 923 3896 Ind.
937 3844 987 3910 leg.
1005 3861 1030 3911 p.
1046 3849 1096 3898 116
1114 3861 1151 3913 sq.
1169 3846 1292 3911 deseriptn

284 3943 318 3981 ex
335 3944 460 3984 nemeto.

317 4011 974 4082 ⁶tAseaiCernaoasainitote.inPia
992 4021 1024 4068 21
1045 4015 1307 4081 sodomama

283 4098 333 4164 leg.
351 4115 376 4166 p.
396 4102 453 4152 185.
