2910 4950
672 455 735 518 147

185 690 251 733 esse
278 675 372 753 puto,
408 664 484 754 (qua
512 664 546 727 in
576 685 611 728 re
637 661 745 728 haeret
774 686 926 728 noussen
947 665 987 753 ¹))
1023 667 1118 732 verba
1148 668 1212 735 Scti
1304 741 1308 751 ,

185 780 283 864 supra
315 777 419 843 allati:
460 774 536 858 „ut'
558 773 734 841 sodalitates
768 775 985 864 decuriatique
1019 777 1214 846 discederent

186 890 207 956 i.
220 912 248 955 e.
271 897 309 953 ut
330 886 466 966 sodales,
499 884 702 966 decuriones,
731 897 768 951 ut
790 887 937 954 decuriae
959 889 999 954 ab
1022 889 1057 955 iis
1081 913 1213 976 compo-

185 1002 263 1067 sitae
285 999 497 1078 discederent,
530 1000 786 1066 dissolverentur.
833 1000 962 1066 Sodales
989 1000 1035 1066 illi
1065 1003 1215 1088 antiquo-

185 1135 262 1179 rum
290 1122 470 1198 temporum
492 1133 566 1177 cum
590 1112 788 1178 Graecorum
813 1112 980 1185 surculus
1005 1136 1109 1199 posses
1128 1136 1215 1180 com·

187 1247 318 1311 parare,
353 1225 469 1311 quippe
498 1225 554 1309 qui
584 1233 621 1288 ut
650 1231 698 1288 est
728 1222 812 1309 apud
843 1247 964 1289 rrsruu
988 1224 1016 1312 ²)
1052 1223 1125 1289 dicti
1155 1226 1218 1291 sint

186 1336 308 1403 sodales
330 1336 416 1422 quod
438 1359 503 1401 una
526 1334 669 1400 sederent
696 1346 729 1400 et
750 1344 869 1413 essent,
894 1334 944 1400 vel
967 1333 1082 1421 „quod
1100 1358 1140 1400 ex
1158 1358 1217 1402 suo

187 1448 296 1530 „datis
321 1449 404 1512 vesei
428 1446 509 1512 soliti
531 1448 608 1524 sint,
638 1445 688 1511 vel
711 1445 795 1533 quod
823 1447 905 1512 inter
927 1471 960 1512 se
986 1449 1120 1512 invicem
1144 1471 1216 1514 sua-

190 1609 209 1642 „
218 1558 345 1637 demut,
370 1558 455 1644 quod
474 1557 551 1623 utile
570 1556 682 1624 esset.”
730 1558 820 1639 Quae
839 1567 945 1643 postea
959 1559 991 1622 in
1011 1558 1099 1644 peius
1115 1582 1216 1646 quum

188 1679 292 1734 essent
321 1678 459 1747 mutata,
494 1691 598 1754 neque
627 1668 704 1755 quid
735 1668 812 1733 utile
839 1679 918 1734 esset
947 1669 1132 1750 suaderent,
1163 1671 1217 1738 sed

192 1779 350 1866 quomodo
372 1783 484 1865 Remp.
508 1790 686 1845 everterent
704 1780 870 1861 ἑταιρείαις
890 1782 1068 1866 comparari
1086 1793 1218 1867 possunt

191 1890 231 1957 de
254 1891 368 1976 quibus
389 1913 483 1956 ussus
503 1892 546 1977 ³):
572 1890 720 1972 „sodales
743 1901 834 1968 sunt,
858 1893 913 1976 qui
932 1893 1072 1957 eiusdem
1092 1892 1219 1981 collegii

193 2011 409 2087 „suntquam
415 2001 527 2066 Graeci
536 2001 713 2089 ἓταιρίανῌ.
724 2001 891 2088 ἑταιρείαν]
904 2013 1026 2069 vocant.
1047 2003 1100 2068 llis
1113 2014 1220 2069 autem

193 2123 405 2202 „potestatem
429 2112 503 2177 facit
525 2112 577 2176 lex
600 2113 791 2198 pactionem,
821 2135 917 2197 quam
941 2113 1039 2178 velint
1056 2114 1115 2179 sibi
1137 2114 1221 2180 ferre

193 2225 299 2308 „dum
318 2223 454 2310 nequid
477 2247 516 2288 ex
535 2222 662 2310 publica
684 2223 755 2311 lege
779 2223 1017 2310 corrumpant.”
1064 2225 1221 2294 Videntur

192 2336 292 2425 igitur
314 2335 491 2400 sodalitates
510 2333 681 2401 admodum
708 2334 825 2399 liberae
844 2334 951 2415 fuisse,
984 2339 1127 2422 quamvis
1150 2338 1222 2427 lega

194 2446 333 2534 quadam
355 2446 511 2512 nonnulla
533 2456 635 2511 essent
654 2445 692 2511 de
715 2446 751 2510 iis
770 2447 888 2512 sancita
911 2458 948 2513 ut
970 2472 1009 2514 ex
1031 2449 1062 2516 h.
1077 2450 1098 2517 l.
1124 2473 1221 2538 appa-

194 2569 243 2625 ret
259 2559 300 2648 ⁴).
346 2558 432 2642 Quid
461 2560 574 2626 Graeci
602 2559 737 2626 dixerint
767 2560 914 2664 sodalitia
940 2563 991 2628 vel
1015 2565 1150 2653 collegia
1172 2566 1220 2632 di-

195 2670 278 2736 citur
307 2693 326 2735 a
352 2693 539 2736 nonussruo
565 2671 613 2760 ⁵),
645 2672 701 2756 qui
729 2670 808 2737 haec
841 2675 948 2738 omnia
979 2685 1043 2741 tam
1074 2687 1223 2744 accurate

192 2781 355 2860 mactavit,
372 2792 408 2847 ut
423 2803 443 2846 a
456 2782 570 2847 iuvene
585 2782 717 2847 meliora
731 2792 816 2848 certe
831 2805 925 2848 nemo
939 2785 978 2852 sit
992 2787 1220 2875 postulaturus.

192 3044 306 3111 quamvis
332 3051 428 3093 certum
452 3043 485 3092 sit
509 3043 557 3092 hoc
580 3042 629 3091 dici
652 3041 684 3091 de
713 3049 826 3105 praetore
849 3049 874 3092 et
896 3051 1035 3110 quaestore.
1071 3049 1138 3099 Vide
1154 3051 1221 3102 sirni-

193 3128 230 3180 les
251 3131 317 3179 locos
344 3129 371 3176 iu
395 3132 456 3174 orst.
484 3141 507 3189 p.
535 3126 623 3175 Plunc.
651 3130 678 3173 ll
699 3125 713 3190 p
732 3130 774 3174 28.
810 3126 897 3177 Divin.
919 3129 946 3178 in
964 3128 1037 3179 Caec.
1059 3134 1089 3178 19
1106 3131 1118 3195 d
1134 3137 1176 3182 62.
1194 3141 1220 3185 et

192 3214 297 3264 omnino
311 3214 374 3274 Leg.
394 3209 529 3260 Servilium
545 3209 585 3258 ed
602 3222 710 3259 muszs
727 3208 812 3259 Berol.
832 3214 906 3261 1825.
925 3229 949 3276 p.
968 3216 1015 3274 st,
1035 3229 1088 3267 une
1111 3219 1167 3283 quis
1184 3232 1235 3270 εχ.

195 3311 246 3349 ,ω
262 3298 318 3359 lege
336 3296 414 3345 iudex
431 3295 528 3349 sedetet
543 3295 570 3343 iu
584 3308 657 3353 enm,
675 3293 719 3358 qui
736 3309 779 3344 reo
794 3296 898 3357 sodalis,
916 3297 957 3347 val
972 3313 1030 3348 cum
1044 3312 1074 3349 οο
1089 3300 1115 3349 in
1130 3304 1219 3356 eodem

195 3382 321 3445 ‚collegio
344 3380 400 3431 tuit.
424 3387 450 3430 et
473 3380 532 3429 ibid.
556 3395 581 3443 p.
605 3383 653 3438 89,
679 3385 721 3428 43.
757 3379 800 3430 Sic
823 3394 927 3433 nuntius
948 3382 1009 3434 dicit
1028 3384 1060 3434 ds
1076 3396 1219 3451 quaestores

196 3482 290 3534 nquam
307 3466 396 3516 eonml
414 3465 489 3515 hsbet
506 3464 551 3513 filii
568 3463 650 3512 loco?
674 3464 721 3527 Ep.
738 3463 788 3514 IV.
811 3468 850 3513 15.

229 3550 249 3616 ¹)
267 3551 415 3601 Monaesen.
431 3565 470 3613 cp
489 3549 507 3598 l.
522 3564 546 3612 p.
565 3551 607 3597 45.

117 3693 118 3698 ¹
228 3634 249 3702 ’J
268 3636 370 3685 Fessus
387 3649 412 3700 p.
430 3638 490 3683 296.
508 3637 636 3683 missust.

229 3716 250 3783 ⁸)
268 3720 286 3769 l.
311 3723 334 3768 4.
357 3716 382 3767 ff.
401 3716 430 3766 dc
447 3716 552 3782 collectis
574 3723 597 3766 et
615 3713 762 3782 corporatus.
807 3714 919 3768 Omnino
940 3717 1093 3768 conferenda
1115 3726 1152 3770 cst
1174 3721 1222 3772 dis·

195 3804 296 3855 muso
316 3805 349 3854 sd
362 3803 401 3853 tit
418 3802 443 3852 ff.
462 3803 493 3852 de
511 3800 591 3866 colleq.
610 3809 634 3849 ct
651 3817 760 3866 corpor„
778 3802 869 3865 scripta
885 3801 918 3849 ab
935 3815 958 3849 s.
976 3814 1003 3850 11.
1019 3815 1045 3851 r..
1060 3816 1167 3853 sarens
1184 3820 1222 3856 ns

196 3901 363 3939 wsssmtass.
381 3888 412 3936 L.
426 3888 459 3936 B.
477 3890 550 3936 1740.
576 3886 683 3950 Legitur
697 3887 764 3951 apud
771 3897 996 3935 maurusam!
1004 3886 1108 3951 Iurispr.
1118 3890 1222 3955 antiqua

195 3973 218 4022 L
236 3987 260 4037 p.
279 3975 426 4023 ssa—⁴4⁵.

230 4053 252 4118 ⁴)
269 4056 308 4107 Cf.
326 4055 428 4105 omnino
442 4068 507 4119 qnae
524 4054 621 4118 scripsit
637 4069 708 4106 suns.
728 4054 759 4107 de
776 4054 855 4106 sodsl.
870 4069 911 4120 op.
929 4054 947 4104 1.
966 4069 992 4119 p.
1012 4057 1062 4104 714
1079 4070 1132 4122 sqq.

232 4137 252 4207 ⁵)
271 4142 417 4193 Mousss.
435 4155 468 4206 op
485 4140 502 4190 l.
521 4156 546 4205 p.
565 4143 607 4189 35.

1019 4227 1087 4294 10·
