2910 4950
630 425 691 487 181

142 624 181 691 de
211 627 330 693 ambitu
360 615 526 692 damnatus
553 628 591 715 1).
638 630 714 692 Tres
741 625 889 692 factiones
911 637 1071 713 praeterea
1094 650 1164 714 pos·

141 738 284 805 tulabant
300 741 328 828 2)
350 762 506 804 osnmtnu
520 739 559 828 ³).
607 742 653 804 Ex
672 740 707 804 iis
726 763 753 804 ι.
773 734 927 803 sorranus
947 739 974 828 ⁴)
996 738 1035 803 de
1055 740 1164 804 maies-

140 860 218 929 tate3
253 851 308 936 qui
331 862 367 915 ut
388 873 429 915 ex
450 874 488 915 eo
507 850 577 915 loeo
607 860 738 935 apparet
763 850 825 914 iarn
848 859 939 914 antea
962 848 1100 935 aliquem
1124 847 1163 914 de

137 959 247 1026 eodem
275 962 405 1026 crimine
434 964 574 1048 petierat.
623 962 659 1026 ln
687 983 725 1025 eo
751 960 866 1026 iudicio
888 984 1045 1027 enormen
1068 960 1162 1027 luisse

136 1072 318 1137 absolutum
338 1073 593 1162 indignabundus
612 1095 728 1139 orcnno
748 1073 854 1139 scribit
876 1073 914 1162 ὅ).
962 1076 1028 1139 lam
1046 1096 1161 1139 occano

136 1184 239 1270 qualis
265 1186 392 1252 futurus
421 1198 500 1251 esset
530 1185 636 1251 iudicii
663 1186 702 1251 de
732 1185 853 1250 ambitu
884 1185 986 1249 exitus
1007 1186 1161 1251 scribebat

136 1295 175 1361 ad
194 1319 336 1362 arricon
361 1297 403 1385 6);
438 1296 622 1380 „candidati
651 1297 831 1362 consulares
855 1318 965 1360 omnes
987 1296 1032 1360 rei
1056 1296 1159 1361 ambi-

135 1418 221 1489 „tus
266 1410 394 1475 Accedit
417 1410 511 1474 etiam
535 1432 700 1487 enormes,
733 1431 826 1494 quem
851 1431 879 1474 r.
903 1430 999 1472 suunt
1018 1447 1063 1458 —
1085 1431 1160 1495 pos-

134 1519 290 1601 „tulerat
337 1520 399 1585 Sed
427 1544 536 1586 omnes
566 1520 782 1598 absolventur,
815 1542 875 1585 nee
908 1517 1037 1606 posthae
1070 1522 1161 1606 quis-

134 1654 258 1716 „quam
285 1631 505 1712 damnabitur,
538 1633 596 1698 nisi
620 1632 675 1718 qui
697 1632 856 1696 bominem
885 1630 1066 1698 occiderit.”
1114 1634 1160 1699 Ex

132 1742 163 1809 h.
189 1743 210 1808 l.
234 1743 367 1832 intelligi
390 1756 491 1831 potest
514 1768 610 1830 quam
634 1745 752 1809 fuerint
775 1744 820 1808 illi
843 1743 960 1809 iudices
983 1743 1109 1809 venales
1128 1744 1157 1831 7)

133 1858 276 1940 quamvis
297 1880 380 1922 nova
403 1857 474 1945 lege
497 1856 562 1920 lata
584 1857 733 1942 Pompeia
757 1878 785 1922 a.
810 1877 841 1921 u.
863 1879 890 1920 o.
913 1857 987 1921 699.
1009 1877 1038 1920 a.
1058 1856 1091 1920 C.
1114 1855 1156 1919 55

132 1978 261 2032 cautum
285 1979 364 2032 esset
386 1980 422 2032 ut
452 1967 635 2053 annalissimo
663 1990 701 2032 ea
727 1990 815 2033 censu
838 1991 888 2031 res
910 1968 1085 2032 iudicarent
1106 1968 1155 2055 8l:

132 2129 150 2160 „
160 2102 310 2145 reuersus
339 2079 370 2144 in
401 2077 539 2143 secundo
570 2078 737 2143 consulatu
770 2077 987 2166 promulgavit
1020 2088 1056 2143 ut
1089 2102 1157 2144 am-

131 2191 299 2276 „plissimo
322 2190 361 2256 e'x
385 2213 480 2256 censu
503 2213 543 2255 ex
565 2192 715 2255 centuriis
738 2189 829 2254 aliter
852 2213 948 2275 quam
971 2200 1064 2255 antea
1083 2190 1155 2256 lecti

129 2303 291 2383 „iudicem
316 2325 416 2388 aeque
439 2313 544 2366 tamen
568 2325 607 2366 ex
630 2304 676 2366 lll
699 2302 761 2366 illis
784 2301 946 2367 ordinibus
968 2326 1018 2368 res
1037 2303 1156 2369 iudica·

127 2413 261 2495 „rent”
309 2417 392 2479 llaec
422 2413 474 2479 lex
501 2413 540 2479 de
571 2415 661 2479 cuius
680 2414 832 2479 sententia
856 2414 993 2480 multum
1017 2415 1155 2502 disputa·

127 2534 180 2588 tur·
205 2524 233 2613 9)
271 2524 368 2614 (quod
398 2525 437 2590 ad
468 2537 612 2591 nostrum
647 2527 841 2612 propositum
873 2549 936 2591 non
968 2526 1054 2615 facit)
1087 2538 1155 2593 erat

126 2635 192 2713 lata
209 2659 250 2701 ne
272 2637 390 2703 iudices
413 2649 540 2723 possent
558 2640 728 2724 corrumpi.
776 2641 935 2704 Ponnnrus
957 2641 1082 2705 ditiores
1105 2641 1154 2706 in-

130 2748 232 2813 stituit
258 2747 375 2811 iudices
402 2748 534 2825 oblitus,
570 2759 606 2813 ut
634 2748 775 2826 videtur,
805 2750 1008 2834 querelarum
1043 2761 1153 2815 corrtra

125 2861 291 2924 Senatores
322 2856 517 2943 prolatarum
549 2882 649 2944 quum
675 2859 723 2923 illi
749 2860 863 2925 iudicia
885 2861 1042 2927 habebant
1064 2874 1096 2927 et
1118 2864 1150 2928 in

123 2972 224 3037 causis
247 2969 393 3035 omnibus
414 2971 576 3056 corrumpi
598 2995 630 3036 se
648 2970 800 3037 sinebant.
847 2973 1000 3038 Garrulus
1024 2996 1151 3060 quoquo

123 3085 163 3150 de
191 3083 314 3148 ambitu
347 3091 393 3147 est
426 3081 587 3148 absolutus
612 3082 675 3171 10);
705 3083 759 3149 sed
789 3094 912 3150 tanturn
936 3085 1085 3151 invidiam
1108 3108 1149 3151 ex

154 3354 174 3419 Ι)
192 3357 260 3407 vide
277 3372 373 3407 oanan.
394 3358 486 3410 Onom.
502 3359 571 3409 Tull.
590 3374 644 3408 roo.
663 3374 688 3408 r.
707 3371 799 3409 suunt.

153 3433 174 3501 2)
192 3438 261 3499 Quid
277 3441 400 3503 significet
411 3441 497 3508 factio
514 3443 571 3493 vide
588 3443 655 3508 apud
672 3455 853 3492 noustsnxmn
872 3447 913 3491 tl.
931 3458 972 3508 op.
991 3445 1008 3494 l.

155 3516 176 3584 ³)
194 3520 250 3570 th.
268 3524 301 3571 ad
319 3524 351 3584 Q.
369 3525 399 3574 fr.
418 3527 469 3575 111.
492 3531 502 3573 l
524 3528 539 3589 5
560 3530 598 3575 15.

152 3601 510 3670 meQmffla

151 3682 243 3753 ⁵)01c.
262 3690 294 3738 al
311 3689 344 3750 Q.
362 3690 392 3740 fr.
410 3694 461 3742 111.
478 3699 504 3743 3.
523 3695 577 3744 init.

151 3768 171 3833 l²)
189 3772 244 3822 Crc.
263 3774 309 3838 Ep.
329 3776 361 3824 ad
379 3778 434 3826 nn.
454 3778 502 3828 IV.
525 3783 554 3827 16
574 3779 587 3844 l
608 3784 647 3829 11.

150 3855 171 3921 7)
190 3860 260 3908 Vnt.
277 3875 343 3910 stix.
359 3861 407 3911 IX.
425 3862 467 3926 4)
485 3868 506 3912 l.
522 3873 548 3914 et
562 3873 643 3915 totum
656 3870 742 3929 caput:
761 3864 792 3914 de
808 3861 945 3912 scamonia
959 3865 1018 3915 ibid.
1028 3868 1106 3918 VIII.
1117 3874 1141 3920 5.

150 3940 171 4008 8)
189 3943 253 3993 Asc.
273 3944 298 3994 in
317 3946 401 3995 Pison.
421 3962 444 4010 p.
464 3962 506 3997 on.
529 3953 567 3998 16.

150 4025 170 4093 ”l
188 4030 255 4079 Vide
272 4044 423 4082 riscuuncu
439 4033 472 4082 ad
489 4033 515 4082 h.
533 4049 557 4082 a
575 4038 753 4086 odrrsmerurs
770 4035 843 4085 ltt'nn.
861 4035 925 4086 snt.
944 4051 967 4099 p.
987 4044 1046 4087 482.

142 4109 172 4177 ¹⁰)
191 4113 244 4163 erc.
264 4115 296 4162 m
314 4115 347 4177 Q.
366 4115 395 4164 n.
414 4117 465 4165 111.
485 4123 499 4165 n
517 4117 531 4180 a
549 4119 572 4166 a.
