2910 4950
789 382 852 445 170

305 590 524 679 magistratum
560 609 657 652 unam
691 586 887 673 alteramque
922 584 1040 651 tribum
1075 609 1172 674 quam
1205 588 1263 654 sibi
1293 613 1334 656 ex

303 701 563 768 coniunctissimis
585 699 699 764 habeat
722 709 887 785 permovet
910 708 946 764 ut
968 701 1206 785 competitorem
1226 701 1332 771 faciat.

256 850 269 865 ι
302 815 367 896 Qui
389 815 486 901 igitur
509 812 627 877 tribum
651 811 793 878 concedit
818 813 1013 899 competitori
1035 811 1222 899 plerumque
1240 835 1333 880 suam

302 926 421 991 tribum
445 924 587 991 concedit
608 925 629 990 i.
643 947 670 990 e.
694 946 764 989 eam
789 924 906 989 tribum
927 923 1080 1010 adquam
1098 925 1162 1011 ipse
1185 927 1331 1010 pertinet.

302 1039 369 1102 Hoc
403 1035 521 1101 factum
551 1045 597 1101 est
629 1057 657 1099 v.
682 1059 708 1101 c.
741 1035 834 1100 etiam
865 1037 897 1100 in
925 1058 1060 1101 rusucro
1089 1047 1121 1101 et
1150 1059 1274 1103 rnorro.
1302 1036 1328 1125 ¹)

302 1149 412 1230 Quum
447 1148 478 1213 id
509 1147 604 1213 alicui
637 1159 716 1212 esset
744 1148 858 1213 honori
886 1149 966 1213 siin
998 1150 1107 1234 primis
1130 1151 1333 1215 renuntiatus

301 1271 396 1339 esset,
436 1259 579 1325 solebant
617 1260 852 1345 competitores,
888 1260 944 1347 qni
971 1282 1125 1348 magnum
1159 1282 1332 1327 numerum

300 1373 441 1439 tribuum
469 1373 612 1438 ferebant
634 1372 890 1458 competitoribus
913 1394 1005 1457 saepe
1037 1371 1209 1437 concedere
1231 1393 1332 1438 unam

301 1486 473 1552 alteramve
496 1485 631 1557 tribum,
656 1496 693 1549 ut
722 1483 877 1549 eomodo
900 1484 1109 1550 honestiorem
1133 1484 1241 1550 locum
1261 1483 1331 1549 adi-

301 1600 505 1686 piscerentur.
564 1599 615 1662 Sic
648 1619 763 1663 crunno
802 1597 908 1662 obiicit
948 1620 1105 1663 mmoruo:
1140 1598 1168 1686 1)
1206 1597 1332 1680 „nescis

301 1733 377 1793 „me
411 1718 588 1795 praetorem
623 1711 761 1795 primum
797 1732 862 1773 esse
897 1709 1034 1789 factum3
1072 1720 1103 1775 te
1132 1710 1332 1775 concessione

301 1821 568 1906 „competitorum
589 1832 620 1885 et
636 1821 803 1885 collatione
821 1822 1036 1885 centuriarum
1053 1832 1084 1886 et
1107 1843 1176 1886 meo
1194 1822 1333 1886 maxime

301 1932 505 2014 „beneficioe
525 1944 683 2018 postremo
698 1934 729 1998 in
743 1933 872 1998 tertium
886 1932 992 1998 locum
1012 1956 1078 1999 esse
1098 1932 1330 2000 subvectum?''

300 2043 424 2124 Quibus
459 2042 601 2109 addenda
639 2056 728 2109 sunt:
759 2047 788 2133 3)
819 2067 885 2125 „an
924 2044 1040 2109 oblitus
1076 2068 1109 2110 es
1142 2054 1174 2111 te
1204 2067 1245 2110 ex
1279 2067 1332 2109 me

301 2177 401 2237 „enm
440 2167 622 2241 praeturam
656 2169 836 2243 peteremus
877 2159 997 2243 petiisse
1034 2168 1071 2223 ut
1105 2159 1159 2224 tibi
1193 2160 1333 2246 primum

301 2266 431 2347 „iocum
463 2269 714 2334 concederem?”
761 2272 830 2334 Non
861 2293 941 2355 opus
962 2281 1009 2335 est
1031 2280 1068 2335 ut
1090 2293 1164 2336 cum
1188 2294 1333 2338 unocnro

304 2379 356 2469 (de
379 2381 484 2447 comit.
510 2380 531 2447 l.
557 2381 592 2467 l.)
619 2404 809 2466 quaeramus
832 2381 991 2467 quomodo
1014 2393 1118 2468 posset
1140 2407 1223 2449 unus
1242 2382 1348 2449 alteri

302 2492 420 2557 tribum
456 2492 506 2556 vel
540 2494 715 2558 centuriam
751 2493 939 2573 concedere;
975 2494 1054 2559 nihil
1088 2496 1172 2560 enim
1206 2495 1329 2561 facilius

302 2601 512 2688 respondetur
525 2588 630 2689 'quarn
655 2603 732 2669 hoc:
757 2607 901 2692 quoniam
923 2619 1071 2675 emerant.

347 2714 507 2780 Pnsrcrus
530 2714 692 2780 absolutus
710 2726 757 2780 est
776 2714 803 2802 ⁴)
831 2728 867 2780 ut
886 2740 994 2781 omnes
1013 2717 1164 2783 scribunt.
1211 2717 1346 2784 Diserto·

303 2838 409 2893 tamen
440 2827 616 2892 testimonio
647 2827 707 2892 hoc
736 2851 801 2893 non
831 2827 1066 2893 demonstratur
1096 2829 1155 2893 nisi
1184 2827 1216 2893 id
1254 2852 1334 2894 con-

302 2937 396 3003 ficere
431 2961 597 3025 possumus
627 2962 666 3005 ex
700 2939 853 3026 epistolis,
892 2940 918 3023 5)
956 2962 1034 3025 quas
1067 2940 1107 3005 ad
1141 2963 1215 3005 eum
1249 2940 1335 3006 dedit

302 3071 418 3116 ursano
441 3051 623 3116 exulantem
651 3052 808 3138 Corcyrae
837 3051 891 3116 ubi
918 3074 981 3116 non
1008 3051 1159 3139 degebat,
1184 3052 1333 3118 condem·

303 3172 395 3227 natus
415 3161 530 3227 iudicio
549 3163 703 3248 quodam,
728 3163 781 3228 sed
804 3162 889 3250 quod
913 3164 944 3228 in
966 3162 1049 3228 bello
1069 3164 1186 3230 civilia
1205 3188 1334 3230 ronrrn

304 3273 444 3360 partibus
467 3285 603 3341 steterat.

349 3387 402 3453 lv.
440 3387 474 3450 Τ.
501 3410 612 3453 surius
641 3409 730 3455 urso·

350 3499 528 3564 Postulatus
557 3512 603 3566 est
632 3500 671 3566 de
701 3500 854 3567 sodaliciis
885 3524 903 3566 a
934 3525 961 3568 r.
986 3524 1100 3568 runvro
1128 3520 1254 3569 rnnsro
1279 3499 1329 3590 ο);

307 3622 508 3635 ———--—-..

340 3668 359 3733 ¹)
376 3670 532 3720 Wtrnnrus
547 3670 580 3719 ad
596 3674 628 3718 22
644 3668 656 3733 p
672 3673 704 3718 54
719 3677 781 3718 orat.
797 3684 821 3732 p.
836 3669 924 3718 Plane.
950 3683 985 3718 un
1001 3683 1058 3718 utu
1072 3670 1131 3718 diss.
1146 3668 1163 3717 l.
1179 3684 1203 3734 p.
1216 3673 1249 3718 47
1260 3683 1298 3734 sq.

339 3751 359 3817 2)
376 3753 431 3805 Cre.
451 3754 521 3804 Orat.
540 3756 566 3804 in
584 3755 649 3817 Tog.
667 3752 747 3803 Cund.
768 3769 792 3817 p.
812 3768 855 3802 ou.
875 3758 916 3802 85.

338 3835 441 3900 ⁵t1bid.
461 3856 484 3904 p.
505 3845 546 3889 94.

338 3925 359 3990 ⁴)
376 3928 452 3977 Rem.
472 3942 512 3990 op.
531 3927 548 3974 t.
568 3941 591 3988 p.
612 3929 668 3975 730.
688 3926 837 3974 naucum
855 3939 879 3987 p.
897 3929 955 3973 488.
974 3923 1063 3975 Danu.
1082 3925 1131 3974 VI.
1150 3938 1173 3988 p.
1194 3926 1237 3972 65.
1256 3923 1316 3972 279.

339 4009 359 4076 ⁶)
378 4012 432 4063 C1c.
445 4013 483 4060 >ad
501 4011 573 4060 Fam.
592 4011 640 4060 lv.
663 4014 701 4058 14.
723 4014 762 4058 15.
781 4008 812 4058 cf.
831 4009 880 4060 VI.
900 4014 940 4059 20.

339 4096 360 4165 ⁶)
378 4097 441 4149 Asc.
459 4098 486 4149 in
504 4096 560 4146 Mil.
579 4111 602 4160 p.
621 4109 664 4145 ora
684 4101 724 4145 to.
898 4088 901 4095 ’
