2910 4950
767 412 830 476 178

288 623 445 706 „accessit
463 619 543 701 hue,
569 618 652 706 quod
671 617 819 705 postridie
842 618 909 684 eius
927 617 1155 687 absolutionem
1175 623 1208 691 in
1228 624 1315 694 thea-

289 786 308 818 „
317 746 403 800 trum
423 757 570 800 canionis
590 755 782 798 nunnansius
801 732 933 812 introiit,
952 741 1046 819 puto,
1067 743 1104 798 ut
1121 757 1215 802 suum
1234 761 1317 827 gau-

290 846 407 930 „dium
431 824 653 934 gauderemus.
692 844 751 909 Hic
769 843 824 909 tibi

312 1012 481 1097 Strepitta,
497 1008 658 1096 fremitus,
677 1009 792 1072 clamor
807 1008 972 1072 toniuuam
987 1019 1016 1073 et
1031 1009 1192 1073 andelaum
1204 1011 1315 1078 sititae.

291 1188 386 1269 „lloc
412 1184 514 1272 magis
544 1181 799 1247 animadversum
830 1190 876 1246 est
905 1179 990 1266 qued
1019 1181 1154 1247 intactus
1181 1205 1200 1248 a
1227 1184 1318 1251 sibilo

289 1319 510 1380 „nonanustus
534 1305 721 1382 pervenerat
743 1293 783 1358 ad
806 1293 1021 1358 senectutem''
1042 1305 1114 1361 cett.
1146 1296 1221 1360 Erat
1244 1320 1316 1362 nes·

289 1433 367 1475 sana
382 1408 465 1474 filius
479 1409 595 1474 sororis
615 1429 799 1486 nonssnsu,
825 1418 856 1471 et
874 1406 1006 1471 oratoris
1020 1405 1109 1473 heres
1125 1408 1259 1495 scriptus
1273 1409 1314 1497 ¹).

333 1523 390 1588 lIl.
437 1521 469 1586 C.
496 1543 656 1600 nennius,

287 1634 344 1720 qui
372 1632 531 1719 repulsam
563 1631 636 1696 tulit
664 1632 779 1716 petitus
801 1638 848 1695 est
870 1651 889 1694 a
911 1653 941 1706 Q.
967 1652 1096 1698 cunule.
1143 1632 1189 1697 Ile
1211 1655 1249 1697 eo
1271 1633 1316 1698 sie

286 1744 392 1812 scribit
411 1767 495 1810 nnis.
512 1743 559 1832 ²):
589 1743 647 1824 „C.
669 1764 810 1807 nennius
830 1762 896 1805 war
913 1764 948 1806 so
967 1752 1027 1830 gut
1048 1742 1095 1809 als
1117 1744 1316 1810 condemnirt

286 1856 387 1939 „aber
409 1855 478 1920 weil
502 1878 537 1920 er
559 1855 697 1942 segleieh
719 1854 780 1919 den
803 1876 906 1919 sento
925 1854 1077 1944 anklagte
1099 1855 1173 1921 kam
1196 1878 1232 1922 er
1250 1878 1314 1924 von

285 1968 371 2051 „der
400 1966 503 2033 Strafe
533 1967 612 2033 frei''
652 1966 746 2057 (nach
773 1969 836 2033 Lex
868 1967 1041 2054 Pompeia).
1093 1967 1188 2049 Quod
1218 1968 1315 2058 longe

285 2102 374 2146 secus
397 2103 463 2146 esse
487 2080 620 2146 videtur.
667 2080 810 2144 Primum
830 2078 1049 2144 stultissimum
1073 2089 1170 2160 esset,
1200 2079 1312 2160 credo,

284 2202 422 2258 statuere
443 2191 470 2279 ³)
497 2202 574 2257 tunc
596 2191 734 2278 aliquem
757 2192 819 2255 iam
842 2190 971 2255 liberari
997 2194 1194 2258 aecusatione
1217 2193 1242 2258 si
1267 2191 1313 2259 al·

283 2304 381 2368 terius
410 2325 527 2368 numen
554 2302 729 2380 detulisset,
761 2325 855 2388 quem
885 2325 949 2368 non
974 2301 1179 2385 condemnat3
1211 2327 1313 2371 suine

285 2425 391 2480 autem
421 2438 485 2479 non
514 2424 558 2479 est
581 2414 764 2494 damnatus;
796 2414 934 2480 secundo
959 2424 1083 2480 constat
1106 2437 1135 2482 u.
1160 2439 1313 2483 nnuman

287 2528 342 2613 qui
364 2536 491 2612 praetor
513 2526 573 2591 fuit
596 2548 623 2593 a.
644 2550 676 2592 u.
698 2549 724 2592 c.
748 2527 823 2593 696.
846 2549 874 2592 a.
895 2528 927 2593 C.
949 2527 991 2592 58
1011 2537 1118 2614 postea
1136 2529 1310 2609 exsulasse,

287 2662 386 2726 quum
410 2638 449 2703 ad
472 2662 545 2704 eum
568 2648 690 2704 exstent
711 2638 886 2704 nonnullae
913 2662 1078 2706 uicenoms
1099 2640 1247 2728 epistolae
1268 2642 1310 2730 θ).

286 2753 331 2817 Ile
362 2776 400 2817 eo
428 2752 472 2817 sic
501 2752 607 2817 scribit
637 2774 754 2818 clcuno
776 2751 824 2839 5);
856 2752 1147 2834 „C.neun1us-
1173 2776 1246 2821 cum
1278 2756 1312 2821 in

287 2863 493 2946 „calamitate
519 2865 604 2931 exilii
631 2865 679 2930 sui
702 2865 859 2930 Patrensis
885 2865 960 2930 civis
988 2866 1089 2932 factus
1115 2866 1215 2933 essee’
1239 2877 1311 2936 oett.

286 2976 396 3042 Postea
419 2997 517 3043 cunio
540 2977 690 3065 cogitavit
712 2975 751 3041 de
773 2998 901 3041 nennio
923 2977 1117 3044 restituendo
1137 2977 1178 3068 ⁰).
1220 2980 1314 3070 Degis

288 3087 322 3153 in
345 3088 456 3167 exilio,
480 3087 626 3166 Athenis,
647 3086 816 3175 Mytilenis,
836 3088 917 3152 etin
937 3088 1006 3155 aliis
1025 3088 1102 3155 locis
1115 3089 1156 3178 ⁷).

322 3347 342 3412 ¹)
360 3350 430 3399 Van.
448 3362 516 3398 uix.
534 3349 551 3397 l.
570 3348 587 3397 l.

323 3428 344 3499 ²)
361 3433 438 3482 Ram.
456 3448 496 3496 op.
514 3432 532 3481 l.
550 3448 574 3497 p.
596 3435 653 3481 :aa

323 3512 344 3579 ⁵)
361 3515 438 3566 Petiit
454 3517 502 3566 hoc
519 3531 552 3567 ex
570 3515 713 3567 testimonio
729 3529 790 3566 nen.
805 3516 837 3565 B.
853 3516 882 3566 C.
897 3517 934 3567 11.
950 3516 1015 3566 att.
1034 3518 1077 3569 sed
1091 3518 1150 3570 huie
1167 3520 1312 3572 testimonio

288 3615 364 3651 nemo
386 3601 461 3651 fidem
477 3601 579 3652 habebit
597 3602 618 3651 si
635 3614 734 3652 cumea
751 3601 905 3665 eomparabit
921 3614 1057 3653 cecaaoms
1074 3603 1179 3656 disertos
1195 3605 1263 3657 locos
1280 3606 1313 3658 de

289 3698 400 3734 namo
419 3686 514 3736 exsule.

321 3767 343 3836 ⁴)
360 3768 414 3819 C1c.
434 3771 466 3819 ad
483 3770 555 3820 Fam.
574 3770 652 3819 XIII.
674 3773 700 3828 l,
719 3773 749 3830 2,
766 3774 791 3819 3.

323 3851 343 3917 ⁵)
361 3856 416 3905 C1c.
434 3856 467 3905 ad
483 3856 555 3908 Fam.
574 3855 653 3904 XIII.
676 3859 705 3902 19
726 3856 741 3918 ξ
760 3859 783 3903 2.

321 3935 341 4002 θ)
360 3938 413 3989 Cic.
432 3941 464 3988 ad
481 3940 537 3990 Att.
555 3932 603 3989 VI.
626 3943 635 3987 1
658 3939 673 4000 ᾗ
692 3941 732 3987 23.

320 4021 341 4088 ⁷)
359 4022 414 4074 Cic.
434 4025 466 4073 ul
483 4024 539 4074 Aa.
557 4025 591 4074 V.
614 4027 641 4071 11
662 4022 675 4085 t
692 4025 717 4071 6.
745 4020 818 4071 Fam.
837 4021 914 4074 XIII.
934 4030 949 4073 a
969 4027 985 4087 ς
1003 4030 1027 4075 2.
1046 4027 1104 4078 viae
1120 4040 1262 4079 annuunt:
1280 4031 1313 4080 ul

287 4110 335 4173 Ep.
352 4108 385 4159 ad
401 4108 473 4159 Fam.
492 4107 570 4159 XIII.
592 4111 613 4155 1.
