2910 4950
689 410 751 471 120

212 609 265 675 sed
284 611 416 674 sorte'in
436 611 625 698 suffragium
646 613 867 690 mitterentur3'
886 633 953 676 rem
970 611 1061 676 citius
1076 620 1238 697 peractam

210 721 296 801 fore3
331 744 405 787 nam
440 722 572 788 simulac
603 724 674 808 quis
703 724 855 788 maiorem
884 720 992 787 tulerit
1021 722 1239 787 centuriarum

211 856 401 913 numerum,
437 845 562 898 oreatus
585 847 680 913 esset,
705 857 764 899 neo
787 857 866 921 opus
890 843 968 898 tuno
993 844 1072 897 esset
1094 833 1239 898 omnium

208 945 436 1032 suffragiorum
483 945 668 1012 diribitione.
732 946 822 1027 Quae
859 945 966 1010 omnia
1008 943 1240 1009 confirmantur

210 1079 276 1121 uno
307 1057 453 1144 exemplo
484 1058 622 1145 analogo
652 1059 750 1144 petito
773 1081 813 1123 ex
839 1057 964 1136 libello,
990 1079 1086 1142 quem
1108 1056 1174 1142 ipse
1197 1057 1236 1122 Ι).

209 1169 354 1254 spurium
385 1168 525 1234 declarat
545 1194 660 1257 nempe
683 1193 841 1236 samusart
868 1173 924 1256 Ep.
948 1168 988 1234 ad
1011 1191 1177 1236 cassanen
1198 1166 1239 1233 de

208 1280 288 1366 Rep.
320 1278 506 1360 ordinanda,
531 1281 585 1346 ubi
607 1281 686 1347 haee
708 1281 873 1369 leguntur:
902 1281 929 1369 ¹)
954 1280 1018 1362 „de
1041 1280 1238 1367 magistrati·

209 1391 295 1473 „bus
325 1391 467 1458 creandis
496 1391 582 1458 haud
613 1392 690 1459 mihi
717 1393 844 1479 quidem
875 1392 1010 1458 absurde
1034 1391 1138 1477 placet
1160 1390 1237 1470 lex,

209 1524 333 1587 „quam
362 1526 390 1569 o.
415 1526 581 1570 onroouus
604 1505 637 1568 in
661 1504 824 1570 tribunatu
842 1503 1118 1591 promulgaverat,
1142 1513 1180 1567 ut
1198 1525 1240 1568 ex

210 1612 372 1694 „confusis
395 1616 536 1702 quinquo
558 1615 707 1682 classibus
726 1627 809 1681 sorte
828 1617 988 1681 centuriae
1012 1613 1238 1681 vocarentur.”

210 1725 252 1789 at
282 1724 358 1810 quid
388 1726 463 1792 huic
491 1726 554 1815 legi
577 1751 649 1793 cum
673 1727 856 1794 confusione
879 1728 1129 1815 suffragiorum?
1152 1734 1241 1793 necte

211 1858 281 1901 eam
304 1835 419 1903 dixeris
441 1837 538 1904 latam
560 1863 626 1906 esse
646 1839 684 1906 de
703 1841 920 1905 centuriarum
940 1839 1136 1905 confusione.
1171 1841 1240 1905 Hoc

211 1969 312 2011 unum
344 1947 414 2036 lege
447 1949 616 2038 (unacum)
647 1951 835 2037 Sempronia
863 1948 1073 2027 efficiebatur,
1106 1959 1143 2012 ut
1172 1971 1239 2015 non

211 2081 335 2145 semper
371 2083 466 2146 penes
502 2063 640 2147 primam
674 2074 706 2127 et
739 2061 868 2128 fortasse
901 2060 1072 2127 seeundum
1106 2059 1239 2128 classem

211 2184 307 2250 esset,
343 2194 412 2236 rem
446 2173 617 2253 conficere,
648 2172 702 2240 sed
731 2184 767 2238 ut
796 2173 864 2238 fieri
894 2182 1012 2259 posset,
1044 2172 1069 2236 si
1099 2170 1164 2237 fors
1193 2173 1239 2238 ita

211 2282 348 2363 tulisset,
385 2293 422 2347 ut
452 2286 608 2351 tenuiores
637 2285 732 2351 etiam
761 2286 794 2351 in
823 2286 1013 2373 suffragium
1036 2294 1237 2351 vocarentur.

208 2393 260 2459 Ad
293 2417 361 2459 rem
395 2396 495 2480 ipsam
522 2408 629 2462 tamen
659 2395 744 2482 quod
773 2398 884 2462 attinet
910 2395 989 2461 nihil
1019 2395 1149 2460 omnino
1176 2393 1239 2461 hac

211 2505 282 2593 lege
317 2515 475 2572 mutatum
507 2530 572 2573 esse
603 2509 820 2593 unusquisque
852 2508 946 2574 videt
971 2506 999 2594 ²)
1048 2507 1135 2571 Mitto
1157 2505 1239 2572 illud

212 2614 297 2702 quod
336 2618 557 2704 gravissimum
590 2629 652 2700 est,
693 2641 859 2685 ororuonrs
897 2630 1038 2704 tempore
1071 2618 1105 2683 in
1140 2618 1238 2682 comi-

212 2729 261 2794 tiis
296 2730 513 2797 consularibus
546 2732 698 2820 suffragia
732 2732 826 2797 fuisse
860 2730 924 2797 lata
952 2727 1127 2795 secundum
1158 2729 1238 2795 clas·

212 2863 261 2906 ses
298 2843 379 2907 sicut
417 2845 454 2910 Ι).
493 2843 645 2930 perhibet.
715 2843 821 2909 Multis
861 2844 945 2908 enim
984 2840 1076 2906 facile
1112 2839 1240 2908 videtur

212 2955 407 3020 contrarium
440 2955 672 3033 demonstrare,
708 2977 822 3042 nempe
855 2975 912 3041 per
944 2953 1045 3018 tribus
1078 2951 1144 3018 lata
1172 2976 1240 3020 esse

210 3065 372 3152 suffragia.

258 3178 358 3244 Venio
378 3176 418 3242 ad
436 3180 473 3244 D.
494 3177 718 3257 abiectionem,
735 3178 870 3244 nimium
889 3175 1038 3262 temporis
1053 3175 1238 3261 postulatu·

213 3311 284 3356 ram
303 3289 446 3353 omnium
464 3290 689 3378 suffragiorum
708 3289 935 3367 diribitionem,
959 3310 1056 3374 quam
1076 3309 1157 3372 quae
1173 3295 1241 3353 uno

214 3399 265 3464 die
285 3399 502 3466 conficeretur.
539 3402 624 3466 Licet
649 3394 727 3466 haeo
745 3400 912 3466 difficultas
930 3398 1112 3486 paullulum
1134 3399 1239 3464 immi-

214 3522 333 3576 nuatur
363 3513 400 3578 D.
424 3514 449 3576 si
474 3512 638 3599 amplexus
658 3513 754 3579 fueris
776 3514 978 3591 sententiam,
999 3520 1106 3577 manet
1120 3520 1239 3579 tamen.

214 3625 294 3689 Nam
315 3624 451 3691 confusis
470 3627 635 3706 centuriis,
655 3627 675 3694 i.
693 3650 720 3693 e.
738 3627 840 3714 prima
860 3625 904 3713 (et
922 3624 1059 3690 secunda
1084 3645 1239 3689 nonnun-

212 3809 435 3827 ———-

250 3930 270 3996 ¹)
289 3932 369 3983 Sari.
388 3933 435 3996 Ep
453 3932 625 3983 aderanda
645 3931 708 3994 Rap.
725 3930 779 3978 ord.
797 3929 835 3979 11.
852 3944 874 3980 c.
893 3934 917 3978 8.

248 4014 268 4080 ²)
286 4016 325 4068 Cf.
349 4030 481 4068 ursanus
504 4008 542 4067 ud'
561 4017 645 4066 locum
667 4016 684 4065 l.
707 4015 775 4066 Mur.
800 4020 832 4064 23
857 4015 870 4078 t
895 4020 935 4065 47.
959 4022 984 4064 ot
1007 4024 1138 4063 nonnam
1158 4011 1238 4077 opi.

212 4119 237 4169 p.
257 4108 297 4152 49.
317 4108 386 4153 nas.
