<?xml version="1.0" encoding="UTF-8"?>
<!DOCTYPE html PUBLIC "-//W3C//DTD XHTML 1.0 Transitional//EN"
    "http://www.w3.org/TR/xhtml1/DTD/xhtml1-transitional.dtd">
<html xmlns="http://www.w3.org/1999/xhtml" xml:lang="en" lang="en">
 <head>
  <title>
</title>
<meta http-equiv="Content-Type" content="text/html;charset=utf-8" />
  <meta name='ocr-system' content='tesseract 3.04.00' />
  <meta name='ocr-capabilities' content='ocr_page ocr_carea ocr_par ocr_line ocrx_word'/>
</head>
<body>
  <div class='ocr_page' id='page_1' title='image "./disputatiodecri00rinkgoog_0062.png"; bbox 0 0 2910 4950; ppageno 0'>
   <div class='ocr_carea' id='block_1_1' title="bbox 706 370 748 433">
    <p class='ocr_par' dir='ltr' id='par_1_1' title="bbox 706 370 748 433">
     <span class='ocr_line' id='line_1_1' title="bbox 706 370 748 433; baseline 0 0"><span class='ocrx_word' id='word_1_1' title='bbox 706 370 748 433; x_wconf 82' lang='lat'><strong>45</strong></span> 
     </span>
    </p>
   </div>
   <div class='ocr_carea' id='block_1_2' title="bbox 200 571 1240 3560">
    <p class='ocr_par' dir='ltr' id='par_1_2' title="bbox 212 571 1240 1777">
     <span class='ocr_line' id='line_1_2' title="bbox 215 571 1238 664; baseline 0.004 -25"><span class='ocrx_word' id='word_1_2' title='bbox 215 571 359 640; x_wconf 85' lang='lat' dir='ltr'><strong>habuisse</strong></span> <span class='ocrx_word' id='word_1_3' title='bbox 383 573 529 640; x_wconf 77' lang='lat' dir='ltr'><strong>rideatur</strong></span> <span class='ocrx_word' id='word_1_4' title='bbox 551 596 655 661; x_wconf 90' lang='lat' dir='ltr'><strong>neque</strong></span> <span class='ocrx_word' id='word_1_5' title='bbox 678 584 784 661; x_wconf 86' lang='lat' dir='ltr'><strong>postea</strong></span> <span class='ocrx_word' id='word_1_6' title='bbox 807 573 959 663; x_wconf 77' lang='lat' dir='ltr'><strong>abrogata</strong></span> <span class='ocrx_word' id='word_1_7' title='bbox 980 578 1036 655; x_wconf 87' lang='lat' dir='ltr'><strong>sit,</strong></span> <span class='ocrx_word' id='word_1_8' title='bbox 1061 597 1160 664; x_wconf 89' lang='lat' dir='ltr'><strong>quum</strong></span> <span class='ocrx_word' id='word_1_9' title='bbox 1178 603 1238 645; x_wconf 81' lang='lat' dir='ltr'><strong>xm</strong></span> 
     </span>
     <span class='ocr_line' id='line_1_3' title="bbox 214 685 1237 772; baseline 0.004 -20"><span class='ocrx_word' id='word_1_10' title='bbox 214 687 305 752; x_wconf 89' lang='lat' dir='ltr'><strong>annis</strong></span> <span class='ocrx_word' id='word_1_11' title='bbox 338 697 408 772; x_wconf 89' lang='lat' dir='ltr'><strong>post</strong></span> <span class='ocrx_word' id='word_1_12' title='bbox 436 685 475 752; x_wconf 86' lang='lat' dir='ltr'><strong>de</strong></span> <span class='ocrx_word' id='word_1_13' title='bbox 503 709 541 752; x_wconf 87' lang='lat' dir='ltr'><strong>ea</strong></span> <span class='ocrx_word' id='word_1_14' title='bbox 571 688 761 753; x_wconf 83' lang='lat' dir='ltr'><strong>mentionem</strong></span> <span class='ocrx_word' id='word_1_15' title='bbox 792 711 857 753; x_wconf 85' lang='lat' dir='ltr'><strong>esse</strong></span> <span class='ocrx_word' id='word_1_16' title='bbox 888 688 1003 754; x_wconf 81' lang='lat' dir='ltr'><strong>factam</strong></span> <span class='ocrx_word' id='word_1_17' title='bbox 1031 690 1237 756; x_wconf 84' lang='lat' dir='ltr'><strong>inveniamus.</strong></span> 
     </span>
     <span class='ocr_line' id='line_1_4' title="bbox 214 798 1238 889; baseline 0.003 -26"><span class='ocrx_word' id='word_1_18' title='bbox 214 800 280 863; x_wconf 88' lang='lat' dir='ltr'><strong>Nee</strong></span> <span class='ocrx_word' id='word_1_19' title='bbox 303 798 408 865; x_wconf 88' lang='lat' dir='ltr'><strong>ullum</strong></span> <span class='ocrx_word' id='word_1_20' title='bbox 429 801 596 888; x_wconf 81' lang='lat' dir='ltr'><strong>vestigium</strong></span> <span class='ocrx_word' id='word_1_21' title='bbox 613 802 710 865; x_wconf 90' lang='lat' dir='ltr'><strong>estin</strong></span> <span class='ocrx_word' id='word_1_22' title='bbox 729 800 863 865; x_wconf 77' lang='lat' dir='ltr'><strong>liviauis</strong></span> <span class='ocrx_word' id='word_1_23' title='bbox 882 799 984 865; x_wconf 81' lang='lat' dir='ltr'><strong>verbis</strong></span> <span class='ocrx_word' id='word_1_24' title='bbox 999 800 1024 888; x_wconf 89' lang='lat'><strong>¹)</strong></span> <span class='ocrx_word' id='word_1_25' title='bbox 1046 800 1126 889; x_wconf 88' lang='lat' dir='ltr'><strong>legis</strong></span> <span class='ocrx_word' id='word_1_26' title='bbox 1142 825 1238 887; x_wconf 88' lang='lat' dir='ltr'><strong>quam</strong></span> 
     </span>
     <span class='ocr_line' id='line_1_5' title="bbox 214 911 1240 980; baseline 0.004 -5"><span class='ocrx_word' id='word_1_27' title='bbox 214 933 341 978; x_wconf 78' lang='lat' dir='ltr'><strong>aienius</strong></span> <span class='ocrx_word' id='word_1_28' title='bbox 372 911 430 978; x_wconf 87' lang='lat' dir='ltr'><strong>sibi</strong></span> <span class='ocrx_word' id='word_1_29' title='bbox 458 914 612 979; x_wconf 81' lang='lat' dir='ltr'><strong>invenisse</strong></span> <span class='ocrx_word' id='word_1_30' title='bbox 638 912 773 980; x_wconf 64' lang='lat' dir='ltr'><strong>ridetur.</strong></span> <span class='ocrx_word' id='word_1_31' title='bbox 819 914 862 978; x_wconf 81' lang='lat' dir='ltr'><strong>At</strong></span> <span class='ocrx_word' id='word_1_32' title='bbox 887 913 941 978; x_wconf 90' lang='lat' dir='ltr'><strong>illo</strong></span> <span class='ocrx_word' id='word_1_33' title='bbox 967 915 1011 979; x_wconf 90' lang='lat' dir='ltr'><strong>sic</strong></span> <span class='ocrx_word' id='word_1_34' title='bbox 1036 916 1240 980; x_wconf 79' lang='lat' dir='ltr'><strong>ratiocinatus</strong></span> 
     </span>
     <span class='ocr_line' id='line_1_6' title="bbox 214 1022 1238 1113; baseline 0.003 -26"><span class='ocrx_word' id='word_1_35' title='bbox 214 1045 280 1088; x_wconf 89' lang='lat' dir='ltr'><strong>esse</strong></span> <span class='ocrx_word' id='word_1_36' title='bbox 302 1022 443 1089; x_wconf 86' lang='lat' dir='ltr'><strong>videtur:</strong></span> <span class='ocrx_word' id='word_1_37' title='bbox 475 1026 584 1107; x_wconf 87' lang='lat' dir='ltr'><strong>Quum</strong></span> <span class='ocrx_word' id='word_1_38' title='bbox 607 1048 717 1091; x_wconf 75' lang='lat' dir='ltr'><strong>arrnro</strong></span> <span class='ocrx_word' id='word_1_39' title='bbox 740 1035 772 1091; x_wconf 89' lang='lat' dir='ltr'><strong>et</strong></span> <span class='ocrx_word' id='word_1_40' title='bbox 794 1048 908 1091; x_wconf 77' lang='lat' dir='ltr'><strong>aarum</strong></span> <span class='ocrx_word' id='word_1_41' title='bbox 932 1027 1107 1092; x_wconf 86' lang='lat' dir='ltr'><strong>evenissent</strong></span> <span class='ocrx_word' id='word_1_42' title='bbox 1128 1027 1238 1113; x_wconf 88' lang='lat' dir='ltr'><strong>Hispa·</strong></span> 
     </span>
     <span class='ocr_line' id='line_1_7' title="bbox 212 1135 1238 1224; baseline 0.003 -24"><span class='ocrx_word' id='word_1_43' title='bbox 212 1135 300 1214; x_wconf 88' lang='lat' dir='ltr'><strong>niae,</strong></span> <span class='ocrx_word' id='word_1_44' title='bbox 332 1147 538 1224; x_wconf 87' lang='lat' dir='ltr'><strong>prorogatum</strong></span> <span class='ocrx_word' id='word_1_45' title='bbox 569 1147 615 1203; x_wconf 88' lang='lat' dir='ltr'><strong>est</strong></span> <span class='ocrx_word' id='word_1_46' title='bbox 645 1137 774 1203; x_wconf 85' lang='lat' dir='ltr'><strong>illarum</strong></span> <span class='ocrx_word' id='word_1_47' title='bbox 804 1139 1039 1223; x_wconf 88' lang='lat' dir='ltr'><strong>provinciarum</strong></span> <span class='ocrx_word' id='word_1_48' title='bbox 1069 1139 1238 1224; x_wconf 91' lang='lat' dir='ltr'><strong>imperium</strong></span> 
     </span>
     <span class='ocr_line' id='line_1_8' title="bbox 213 1248 1238 1333; baseline 0.001 -23"><span class='ocrx_word' id='word_1_49' title='bbox 213 1270 368 1314; x_wconf 72' lang='lat' dir='ltr'><strong>unanimo</strong></span> <span class='ocrx_word' id='word_1_50' title='bbox 386 1259 417 1314; x_wconf 91' lang='lat' dir='ltr'><strong>et</strong></span> <span class='ocrx_word' id='word_1_51' title='bbox 435 1272 564 1329; x_wconf 82' lang='lat' dir='ltr'><strong>runvro,</strong></span> <span class='ocrx_word' id='word_1_52' title='bbox 589 1259 622 1315; x_wconf 90' lang='lat' dir='ltr'><strong>et</strong></span> <span class='ocrx_word' id='word_1_53' title='bbox 642 1248 737 1314; x_wconf 90' lang='lat' dir='ltr'><strong>simul</strong></span> <span class='ocrx_word' id='word_1_54' title='bbox 755 1271 866 1314; x_wconf 74' lang='grc' dir='ltr'><strong>ιιιιιο</strong></span> <span class='ocrx_word' id='word_1_55' title='bbox 886 1258 918 1313; x_wconf 90' lang='lat' dir='ltr'><strong>et</strong></span> <span class='ocrx_word' id='word_1_56' title='bbox 936 1270 1050 1313; x_wconf 79' lang='lat' dir='ltr'><strong>usnam</strong></span> <span class='ocrx_word' id='word_1_57' title='bbox 1066 1248 1146 1313; x_wconf 90' lang='lat' dir='ltr'><strong>aliae</strong></span> <span class='ocrx_word' id='word_1_58' title='bbox 1165 1271 1238 1333; x_wconf 90' lang='lat' dir='ltr'><strong>pro·</strong></span> 
     </span>
     <span class='ocr_line' id='line_1_9' title="bbox 213 1358 1239 1445; baseline 0 -23"><span class='ocrx_word' id='word_1_59' title='bbox 213 1359 335 1424; x_wconf 80' lang='lat' dir='ltr'><strong>vinciae</strong></span> <span class='ocrx_word' id='word_1_60' title='bbox 367 1359 527 1439; x_wconf 86' lang='lat' dir='ltr'><strong>decretaa;</strong></span> <span class='ocrx_word' id='word_1_61' title='bbox 565 1361 684 1425; x_wconf 79' lang='lat' dir='ltr'><strong>veritus</strong></span> <span class='ocrx_word' id='word_1_62' title='bbox 717 1369 764 1425; x_wconf 88' lang='lat' dir='ltr'><strong>est</strong></span> <span class='ocrx_word' id='word_1_63' title='bbox 797 1383 926 1424; x_wconf 77' lang='lat' dir='ltr'><strong>nannius</strong></span> <span class='ocrx_word' id='word_1_64' title='bbox 956 1382 998 1424; x_wconf 87' lang='lat' dir='ltr'><strong>ne</strong></span> <span class='ocrx_word' id='word_1_65' title='bbox 1024 1360 1147 1445; x_wconf 87' lang='lat' dir='ltr'><strong>saepius</strong></span> <span class='ocrx_word' id='word_1_66' title='bbox 1168 1358 1239 1424; x_wconf 85' lang='lat' dir='ltr'><strong>talis</strong></span> 
     </span>
     <span class='ocr_line' id='line_1_10' title="bbox 212 1469 1239 1555; baseline 0 -23"><span class='ocrx_word' id='word_1_67' title='bbox 212 1470 397 1555; x_wconf 80' lang='lat' dir='ltr'><strong>prorogatio</strong></span> <span class='ocrx_word' id='word_1_68' title='bbox 430 1470 537 1536; x_wconf 91' lang='lat' dir='ltr'><strong>locum</strong></span> <span class='ocrx_word' id='word_1_69' title='bbox 572 1469 701 1535; x_wconf 87' lang='lat' dir='ltr'><strong>haberet</strong></span> <span class='ocrx_word' id='word_1_70' title='bbox 734 1478 829 1554; x_wconf 87' lang='lat' dir='ltr'><strong>atque</strong></span> <span class='ocrx_word' id='word_1_71' title='bbox 862 1469 908 1534; x_wconf 88' lang='lat' dir='ltr'><strong>sio</strong></span> <span class='ocrx_word' id='word_1_72' title='bbox 934 1476 1101 1554; x_wconf 84' lang='lat' dir='ltr'><strong>praetores</strong></span> <span class='ocrx_word' id='word_1_73' title='bbox 1121 1490 1239 1533; x_wconf 82' lang='lat' dir='ltr'><strong>recens</strong></span> 
     </span>
     <span class='ocr_line' id='line_1_11' title="bbox 213 1578 1239 1667; baseline 0 -23"><span class='ocrx_word' id='word_1_74' title='bbox 213 1580 309 1644; x_wconf 91' lang='lat' dir='ltr'><strong>creati</strong></span> <span class='ocrx_word' id='word_1_75' title='bbox 332 1579 488 1646; x_wconf 89' lang='lat' dir='ltr'><strong>abstinere</strong></span> <span class='ocrx_word' id='word_1_76' title='bbox 510 1579 661 1646; x_wconf 87' lang='lat' dir='ltr'><strong>deberent</strong></span> <span class='ocrx_word' id='word_1_77' title='bbox 683 1580 853 1667; x_wconf 78' lang='lat' dir='ltr'><strong>provincia.</strong></span> <span class='ocrx_word' id='word_1_78' title='bbox 901 1578 1023 1645; x_wconf 91' lang='lat' dir='ltr'><strong>Idcirco</strong></span> <span class='ocrx_word' id='word_1_79' title='bbox 1041 1578 1145 1667; x_wconf 86' lang='lat' dir='ltr'><strong>legem</strong></span> <span class='ocrx_word' id='word_1_80' title='bbox 1165 1578 1239 1645; x_wconf 89' lang='lat' dir='ltr'><strong>tulit</strong></span> 
     </span>
     <span class='ocr_line' id='line_1_12' title="bbox 213 1687 1132 1777; baseline 0.003 -24"><span class='ocrx_word' id='word_1_81' title='bbox 213 1699 277 1773; x_wconf 88' lang='lat' dir='ltr'><strong>„ut</strong></span> <span class='ocrx_word' id='word_1_82' title='bbox 300 1687 430 1755; x_wconf 79' lang='lat' dir='ltr'><strong>alternis</strong></span> <span class='ocrx_word' id='word_1_83' title='bbox 452 1692 544 1755; x_wconf 89' lang='lat' dir='ltr'><strong>annis</strong></span> <span class='ocrx_word' id='word_1_84' title='bbox 567 1691 712 1776; x_wconf 86' lang='lat' dir='ltr'><strong>quaterni</strong></span> <span class='ocrx_word' id='word_1_85' title='bbox 731 1699 915 1755; x_wconf 87' lang='lat' dir='ltr'><strong>crearentur</strong></span> <span class='ocrx_word' id='word_1_86' title='bbox 938 1689 1132 1777; x_wconf 86' lang='lat' dir='ltr'><strong>praetores&#39;’.</strong></span> 
     </span>
    </p>

    <p class='ocr_par' dir='ltr' id='par_1_3' title="bbox 200 1800 1237 3447">
     <span class='ocr_line' id='line_1_13' title="bbox 257 1800 1237 1888; baseline 0.001 -23"><span class='ocrx_word' id='word_1_87' title='bbox 257 1800 473 1866; x_wconf 71' lang='lat' dir='ltr'><strong>crescentibus</strong></span> <span class='ocrx_word' id='word_1_88' title='bbox 504 1801 627 1887; x_wconf 89' lang='lat' dir='ltr'><strong>imperii</strong></span> <span class='ocrx_word' id='word_1_89' title='bbox 659 1801 829 1888; x_wconf 88' lang='lat' dir='ltr'><strong>provinciis</strong></span> <span class='ocrx_word' id='word_1_90' title='bbox 857 1823 937 1887; x_wconf 91' lang='lat' dir='ltr'><strong>opus</strong></span> <span class='ocrx_word' id='word_1_91' title='bbox 966 1813 1035 1868; x_wconf 91' lang='lat' dir='ltr'><strong>erat</strong></span> <span class='ocrx_word' id='word_1_92' title='bbox 1066 1814 1101 1867; x_wconf 90' lang='lat' dir='ltr'><strong>ut</strong></span> <span class='ocrx_word' id='word_1_93' title='bbox 1130 1802 1237 1888; x_wconf 82' lang='lat' dir='ltr'><strong>plures</strong></span> 
     </span>
     <span class='ocr_line' id='line_1_14' title="bbox 213 1911 1237 1999; baseline 0.003 -23"><span class='ocrx_word' id='word_1_94' title='bbox 213 1911 397 1977; x_wconf 80' lang='lat' dir='ltr'><strong>crearentur</strong></span> <span class='ocrx_word' id='word_1_95' title='bbox 417 1914 592 1991; x_wconf 87' lang='lat' dir='ltr'><strong>Praetores,</strong></span> <span class='ocrx_word' id='word_1_96' title='bbox 616 1914 672 1998; x_wconf 90' lang='lat' dir='ltr'><strong>qui</strong></span> <span class='ocrx_word' id='word_1_97' title='bbox 686 1912 853 1999; x_wconf 85' lang='lat' dir='ltr'><strong>provinciis</strong></span> <span class='ocrx_word' id='word_1_98' title='bbox 868 1923 1059 1998; x_wconf 85' lang='lat' dir='ltr'><strong>praeessent,</strong></span> <span class='ocrx_word' id='word_1_99' title='bbox 1081 1936 1144 1978; x_wconf 94' lang='lat' dir='ltr'><strong>non</strong></span> <span class='ocrx_word' id='word_1_100' title='bbox 1162 1936 1237 1979; x_wconf 91' lang='lat' dir='ltr'><strong>eon·</strong></span> 
     </span>
     <span class='ocr_line' id='line_1_15' title="bbox 212 2022 1237 2111; baseline 0.001 -23"><span class='ocrx_word' id='word_1_101' title='bbox 212 2032 272 2088; x_wconf 85' lang='lat' dir='ltr'><strong>tra.</strong></span> <span class='ocrx_word' id='word_1_102' title='bbox 304 2025 431 2111; x_wconf 84' lang='lat' dir='ltr'><strong>Pugnat</strong></span> <span class='ocrx_word' id='word_1_103' title='bbox 453 2047 513 2109; x_wconf 92' lang='lat' dir='ltr'><strong>pro</strong></span> <span class='ocrx_word' id='word_1_104' title='bbox 530 2046 661 2101; x_wconf 80' lang='lat' dir='ltr'><strong>aromo,</strong></span> <span class='ocrx_word' id='word_1_105' title='bbox 681 2022 766 2109; x_wconf 84' lang='lat' dir='ltr'><strong>quod</strong></span> <span class='ocrx_word' id='word_1_106' title='bbox 793 2024 951 2108; x_wconf 84' lang='lat' dir='ltr'><strong>sequitur:</strong></span> <span class='ocrx_word' id='word_1_107' title='bbox 981 2023 1065 2108; x_wconf 88' lang='lat' dir='ltr'><strong>quod</strong></span> <span class='ocrx_word' id='word_1_108' title='bbox 1084 2035 1154 2109; x_wconf 92' lang='lat' dir='ltr'><strong>post</strong></span> <span class='ocrx_word' id='word_1_109' title='bbox 1175 2047 1237 2089; x_wconf 87' lang='lat' dir='ltr'><strong>an-</strong></span> 
     </span>
     <span class='ocr_line' id='line_1_16' title="bbox 211 2132 1235 2222; baseline -0.001 -21"><span class='ocrx_word' id='word_1_110' title='bbox 211 2158 292 2201; x_wconf 88' lang='lat' dir='ltr'><strong>num</strong></span> <span class='ocrx_word' id='word_1_111' title='bbox 311 2158 343 2199; x_wconf 89' lang='lat' dir='ltr'><strong>u.</strong></span> <span class='ocrx_word' id='word_1_112' title='bbox 364 2157 391 2200; x_wconf 88' lang='lat' dir='ltr'><strong>c.</strong></span> <span class='ocrx_word' id='word_1_113' title='bbox 408 2135 489 2214; x_wconf 77' lang='lat'><strong>562,</strong></span> <span class='ocrx_word' id='word_1_114' title='bbox 509 2134 632 2199; x_wconf 71' lang='lat' dir='ltr'><strong>&lt;luobus</strong></span> <span class='ocrx_word' id='word_1_115' title='bbox 648 2132 844 2220; x_wconf 90' lang='lat' dir='ltr'><strong>praetoribus</strong></span> <span class='ocrx_word' id='word_1_116' title='bbox 860 2136 1081 2219; x_wconf 87' lang='lat' dir='ltr'><strong>Hispaniarum</strong></span> <span class='ocrx_word' id='word_1_117' title='bbox 1097 2159 1235 2222; x_wconf 86' lang='lat' dir='ltr'><strong>semper,</strong></span> 
     </span>
     <span class='ocr_line' id='line_1_17' title="bbox 211 2244 1236 2341; baseline 0 -29"><span class='ocrx_word' id='word_1_118' title='bbox 211 2256 343 2333; x_wconf 81' lang='lat' dir='ltr'><strong>excepto</strong></span> <span class='ocrx_word' id='word_1_119' title='bbox 365 2246 500 2311; x_wconf 89' lang='lat' dir='ltr'><strong>triennio</strong></span> <span class='ocrx_word' id='word_1_120' title='bbox 523 2246 597 2341; x_wconf 83' lang='lat' dir='ltr'><strong>belli</strong></span> <span class='ocrx_word' id='word_1_121' title='bbox 621 2269 693 2311; x_wconf 94' lang='lat' dir='ltr'><strong>cum</strong></span> <span class='ocrx_word' id='word_1_122' title='bbox 718 2267 833 2311; x_wconf 82' lang='lat' dir='ltr'><strong>rensao</strong></span> <span class='ocrx_word' id='word_1_123' title='bbox 855 2244 902 2334; x_wconf 83' lang='lat'><strong>²),</strong></span> <span class='ocrx_word' id='word_1_124' title='bbox 931 2246 1099 2332; x_wconf 91' lang='lat' dir='ltr'><strong>imperium</strong></span> <span class='ocrx_word' id='word_1_125' title='bbox 1123 2249 1156 2312; x_wconf 92' lang='lat' dir='ltr'><strong>in</strong></span> <span class='ocrx_word' id='word_1_126' title='bbox 1179 2271 1236 2312; x_wconf 91' lang='lat' dir='ltr'><strong>an·</strong></span> 
     </span>
     <span class='ocr_line' id='line_1_18' title="bbox 211 2357 1237 2446; baseline 0.001 -22"><span class='ocrx_word' id='word_1_127' title='bbox 211 2380 289 2425; x_wconf 89' lang='lat' dir='ltr'><strong>num</strong></span> <span class='ocrx_word' id='word_1_128' title='bbox 313 2367 521 2445; x_wconf 85' lang='lat' dir='ltr'><strong>prorogatum</strong></span> <span class='ocrx_word' id='word_1_129' title='bbox 543 2359 583 2424; x_wconf 88' lang='lat' dir='ltr'><strong>sit</strong></span> <span class='ocrx_word' id='word_1_130' title='bbox 603 2357 649 2446; x_wconf 71' lang='grc'><strong>3);</strong></span> <span class='ocrx_word' id='word_1_131' title='bbox 681 2368 750 2422; x_wconf 90' lang='lat' dir='ltr'><strong>erat</strong></span> <span class='ocrx_word' id='word_1_132' title='bbox 776 2357 875 2445; x_wconf 88' lang='lat' dir='ltr'><strong>igitur</strong></span> <span class='ocrx_word' id='word_1_133' title='bbox 895 2359 968 2423; x_wconf 86' lang='lat' dir='ltr'><strong>satis</strong></span> <span class='ocrx_word' id='word_1_134' title='bbox 995 2358 1124 2424; x_wconf 89' lang='lat' dir='ltr'><strong>alternis</strong></span> <span class='ocrx_word' id='word_1_135' title='bbox 1146 2361 1237 2426; x_wconf 88' lang='lat' dir='ltr'><strong>annis</strong></span> 
     </span>
     <span class='ocr_line' id='line_1_19' title="bbox 200 2469 1236 2557; baseline 0.009 -28"><span class='ocrx_word' id='word_1_136' title='bbox 200 2479 349 2555; x_wconf 81' lang='lat' dir='ltr'><strong>¹quatuor</strong></span> <span class='ocrx_word' id='word_1_137' title='bbox 373 2490 481 2535; x_wconf 89' lang='lat' dir='ltr'><strong>creare</strong></span> <span class='ocrx_word' id='word_1_138' title='bbox 503 2479 673 2555; x_wconf 89' lang='lat' dir='ltr'><strong>praetores.</strong></span> <span class='ocrx_word' id='word_1_139' title='bbox 720 2469 762 2533; x_wconf 78' lang='lat' dir='ltr'><strong>At</strong></span> <span class='ocrx_word' id='word_1_140' title='bbox 785 2480 906 2535; x_wconf 88' lang='lat' dir='ltr'><strong>constat</strong></span> <span class='ocrx_word' id='word_1_141' title='bbox 928 2480 998 2557; x_wconf 90' lang='lat' dir='ltr'><strong>post</strong></span> <span class='ocrx_word' id='word_1_142' title='bbox 1019 2493 1048 2538; x_wconf 88' lang='lat' dir='ltr'><strong>a.</strong></span> <span class='ocrx_word' id='word_1_143' title='bbox 1068 2494 1101 2537; x_wconf 89' lang='grc' dir='ltr'><strong>ιι.</strong></span> <span class='ocrx_word' id='word_1_144' title='bbox 1123 2496 1149 2538; x_wconf 89' lang='lat' dir='ltr'><strong>c.</strong></span> <span class='ocrx_word' id='word_1_145' title='bbox 1172 2473 1236 2538; x_wconf 81' lang='lat'><strong>562</strong></span> 
     </span>
     <span class='ocr_line' id='line_1_20' title="bbox 211 2578 1237 2670; baseline 0.003 -25"><span class='ocrx_word' id='word_1_146' title='bbox 211 2602 334 2665; x_wconf 86' lang='lat' dir='ltr'><strong>semper</strong></span> <span class='ocrx_word' id='word_1_147' title='bbox 357 2578 451 2644; x_wconf 81' lang='lat' dir='ltr'><strong>luisse</strong></span> <span class='ocrx_word' id='word_1_148' title='bbox 471 2602 504 2645; x_wconf 85' lang='lat' dir='ltr'><strong>vr</strong></span> <span class='ocrx_word' id='word_1_149' title='bbox 527 2590 687 2666; x_wconf 86' lang='lat' dir='ltr'><strong>praetores</strong></span> <span class='ocrx_word' id='word_1_150' title='bbox 707 2578 733 2644; x_wconf 94' lang='lat' dir='ltr'><strong>si</strong></span> <span class='ocrx_word' id='word_1_151' title='bbox 756 2579 891 2664; x_wconf 85' lang='lat' dir='ltr'><strong>excipias</strong></span> <span class='ocrx_word' id='word_1_152' title='bbox 910 2602 938 2646; x_wconf 87' lang='lat' dir='ltr'><strong>a.</strong></span> <span class='ocrx_word' id='word_1_153' title='bbox 956 2603 989 2647; x_wconf 85' lang='lat' dir='ltr'><strong>u.</strong></span> <span class='ocrx_word' id='word_1_154' title='bbox 1010 2603 1037 2646; x_wconf 90' lang='lat' dir='ltr'><strong>c.</strong></span> <span class='ocrx_word' id='word_1_155' title='bbox 1060 2582 1139 2662; x_wconf 82' lang='lat'><strong>5753</strong></span> <span class='ocrx_word' id='word_1_156' title='bbox 1161 2583 1237 2670; x_wconf 88' lang='lat' dir='ltr'><strong>quid</strong></span> 
     </span>
     <span class='ocr_line' id='line_1_21' title="bbox 210 2690 1234 2779; baseline 0.004 -24"><span class='ocrx_word' id='word_1_157' title='bbox 210 2692 308 2779; x_wconf 80' lang='lat' dir='ltr'><strong>igitur</strong></span> <span class='ocrx_word' id='word_1_158' title='bbox 337 2700 400 2769; x_wconf 89' lang='lat' dir='ltr'><strong>est,</strong></span> <span class='ocrx_word' id='word_1_159' title='bbox 433 2690 518 2776; x_wconf 88' lang='lat' dir='ltr'><strong>quod</strong></span> <span class='ocrx_word' id='word_1_160' title='bbox 547 2714 585 2756; x_wconf 88' lang='lat' dir='ltr'><strong>ea</strong></span> <span class='ocrx_word' id='word_1_161' title='bbox 610 2690 681 2778; x_wconf 84' lang='lat' dir='ltr'><strong>lege</strong></span> <span class='ocrx_word' id='word_1_162' title='bbox 708 2692 758 2755; x_wconf 89' lang='lat' dir='ltr'><strong>usi</strong></span> <span class='ocrx_word' id='word_1_163' title='bbox 783 2713 847 2756; x_wconf 89' lang='lat' dir='ltr'><strong>non</strong></span> <span class='ocrx_word' id='word_1_164' title='bbox 875 2692 959 2757; x_wconf 85' lang='lat' dir='ltr'><strong>sint?</strong></span> <span class='ocrx_word' id='word_1_165' title='bbox 990 2693 1084 2757; x_wconf 89' lang='lat' dir='ltr'><strong>etiam</strong></span> <span class='ocrx_word' id='word_1_166' title='bbox 1111 2704 1234 2779; x_wconf 84' lang='lat' dir='ltr'><strong>postca,</strong></span> 
     </span>
     <span class='ocr_line' id='line_1_22' title="bbox 210 2800 1234 2874; baseline 0.005 -6"><span class='ocrx_word' id='word_1_167' title='bbox 210 2811 295 2868; x_wconf 86' lang='lat' dir='ltr'><strong>certe</strong></span> <span class='ocrx_word' id='word_1_168' title='bbox 317 2801 357 2867; x_wconf 88' lang='lat' dir='ltr'><strong>ad</strong></span> <span class='ocrx_word' id='word_1_169' title='bbox 380 2801 475 2867; x_wconf 87' lang='lat' dir='ltr'><strong>finem</strong></span> <span class='ocrx_word' id='word_1_170' title='bbox 496 2800 517 2867; x_wconf 86' lang='lat' dir='ltr'><strong>l.</strong></span> <span class='ocrx_word' id='word_1_171' title='bbox 537 2825 600 2866; x_wconf 83' lang='lat' dir='ltr'><strong>xnv</strong></span> <span class='ocrx_word' id='word_1_172' title='bbox 625 2825 705 2867; x_wconf 82' lang='lat' dir='ltr'><strong>mvn</strong></span> <span class='ocrx_word' id='word_1_173' title='bbox 727 2801 928 2868; x_wconf 89' lang='lat' dir='ltr'><strong>historiarum</strong></span> <span class='ocrx_word' id='word_1_174' title='bbox 952 2804 972 2868; x_wconf 92' lang='lat' dir='ltr'><strong>i.</strong></span> <span class='ocrx_word' id='word_1_175' title='bbox 989 2825 1016 2868; x_wconf 89' lang='lat' dir='ltr'><strong>e.</strong></span> <span class='ocrx_word' id='word_1_176' title='bbox 1041 2803 1081 2869; x_wconf 87' lang='lat' dir='ltr'><strong>ad</strong></span> <span class='ocrx_word' id='word_1_177' title='bbox 1104 2828 1132 2871; x_wconf 88' lang='lat' dir='ltr'><strong>a.</strong></span> <span class='ocrx_word' id='word_1_178' title='bbox 1154 2829 1186 2872; x_wconf 91' lang='grc' dir='ltr'><strong>ιι.</strong></span> <span class='ocrx_word' id='word_1_179' title='bbox 1207 2830 1234 2874; x_wconf 87' lang='lat' dir='ltr'><strong>e.</strong></span> 
     </span>
     <span class='ocr_line' id='line_1_23' title="bbox 211 2913 1234 2999; baseline 0.005 -20"><span class='ocrx_word' id='word_1_180' title='bbox 211 2913 276 2979; x_wconf 85' lang='grc'><strong>587</strong></span> <span class='ocrx_word' id='word_1_181' title='bbox 300 2933 425 2996; x_wconf 89' lang='lat' dir='ltr'><strong>semper</strong></span> <span class='ocrx_word' id='word_1_182' title='bbox 446 2933 501 2975; x_wconf 83' lang='lat' dir='ltr'><strong>sex</strong></span> <span class='ocrx_word' id='word_1_183' title='bbox 523 2920 742 2975; x_wconf 89' lang='lat' dir='ltr'><strong>memorantur</strong></span> <span class='ocrx_word' id='word_1_184' title='bbox 764 2920 924 2995; x_wconf 89' lang='lat' dir='ltr'><strong>praetores</strong></span> <span class='ocrx_word' id='word_1_185' title='bbox 951 2914 1134 2999; x_wconf 87' lang='lat' dir='ltr'><strong>(praetera.</strong></span> <span class='ocrx_word' id='word_1_186' title='bbox 1153 2939 1186 2983; x_wconf 83' lang='lat' dir='ltr'><strong>u.</strong></span> <span class='ocrx_word' id='word_1_187' title='bbox 1207 2942 1234 2984; x_wconf 86' lang='lat' dir='ltr'><strong>c.</strong></span> 
     </span>
     <span class='ocr_line' id='line_1_24' title="bbox 210 3019 1235 3107; baseline 0.001 -17"><span class='ocrx_word' id='word_1_188' title='bbox 210 3024 288 3101; x_wconf 84' lang='grc'><strong>577,</strong></span> <span class='ocrx_word' id='word_1_189' title='bbox 313 3021 403 3087; x_wconf 90' lang='lat' dir='ltr'><strong>euius</strong></span> <span class='ocrx_word' id='word_1_190' title='bbox 425 3021 501 3087; x_wconf 88' lang='lat' dir='ltr'><strong>anni</strong></span> <span class='ocrx_word' id='word_1_191' title='bbox 522 3022 648 3087; x_wconf 90' lang='lat' dir='ltr'><strong>comitia</strong></span> <span class='ocrx_word' id='word_1_192' title='bbox 670 3019 836 3087; x_wconf 90' lang='lat' dir='ltr'><strong>consulum</strong></span> <span class='ocrx_word' id='word_1_193' title='bbox 859 3044 897 3086; x_wconf 89' lang='lat' dir='ltr'><strong>ac</strong></span> <span class='ocrx_word' id='word_1_194' title='bbox 914 3032 1098 3107; x_wconf 88' lang='lat' dir='ltr'><strong>praetorum</strong></span> <span class='ocrx_word' id='word_1_195' title='bbox 1116 3024 1235 3091; x_wconf 88' lang='lat' dir='ltr'><strong>deside·</strong></span> 
     </span>
     <span class='ocr_line' id='line_1_25' title="bbox 209 3131 1235 3220; baseline 0.001 -20"><span class='ocrx_word' id='word_1_196' title='bbox 209 3131 335 3220; x_wconf 90' lang='lat' dir='ltr'><strong>rantur)</strong></span> <span class='ocrx_word' id='word_1_197' title='bbox 353 3132 400 3220; x_wconf 85' lang='lat'><strong>⁴):</strong></span> <span class='ocrx_word' id='word_1_198' title='bbox 432 3132 530 3198; x_wconf 90' lang='lat' dir='ltr'><strong>semel</strong></span> <span class='ocrx_word' id='word_1_199' title='bbox 553 3131 657 3218; x_wconf 89' lang='lat' dir='ltr'><strong>quoad</strong></span> <span class='ocrx_word' id='word_1_200' title='bbox 680 3132 796 3198; x_wconf 91' lang='lat' dir='ltr'><strong>scimus</strong></span> <span class='ocrx_word' id='word_1_201' title='bbox 818 3132 918 3220; x_wconf 84' lang='lat' dir='ltr'><strong>igitur</strong></span> <span class='ocrx_word' id='word_1_202' title='bbox 943 3132 1020 3199; x_wconf 87' lang='lat' dir='ltr'><strong>haec</strong></span> <span class='ocrx_word' id='word_1_203' title='bbox 1043 3133 1151 3201; x_wconf 83' lang='lat' dir='ltr'><strong>lexin</strong></span> <span class='ocrx_word' id='word_1_204' title='bbox 1174 3159 1235 3202; x_wconf 93' lang='lat' dir='ltr'><strong>usu</strong></span> 
     </span>
     <span class='ocr_line' id='line_1_26' title="bbox 210 3244 1234 3336; baseline 0.001 -23"><span class='ocrx_word' id='word_1_205' title='bbox 210 3245 283 3325; x_wconf 82' lang='lat' dir='ltr'><strong>fuit,</strong></span> <span class='ocrx_word' id='word_1_206' title='bbox 308 3244 403 3331; x_wconf 90' lang='lat' dir='ltr'><strong>idque</strong></span> <span class='ocrx_word' id='word_1_207' title='bbox 426 3267 526 3332; x_wconf 91' lang='lat' dir='ltr'><strong>quum</strong></span> <span class='ocrx_word' id='word_1_208' title='bbox 547 3244 653 3311; x_wconf 90' lang='lat' dir='ltr'><strong>multis</strong></span> <span class='ocrx_word' id='word_1_209' title='bbox 676 3246 950 3332; x_wconf 89' lang='lat' dir='ltr'><strong>annis.postquam</strong></span> <span class='ocrx_word' id='word_1_210' title='bbox 972 3246 1036 3313; x_wconf 85' lang='lat' dir='ltr'><strong>lata</strong></span> <span class='ocrx_word' id='word_1_211' title='bbox 1054 3257 1134 3313; x_wconf 88' lang='lat' dir='ltr'><strong>esset</strong></span> <span class='ocrx_word' id='word_1_212' title='bbox 1155 3246 1234 3336; x_wconf 67' lang='lat' dir='ltr'><strong>ilua·</strong></span> 
     </span>
     <span class='ocr_line' id='line_1_27' title="bbox 210 3357 921 3447; baseline 0 -22"><span class='ocrx_word' id='word_1_213' title='bbox 210 3370 283 3425; x_wconf 88' lang='lat' dir='ltr'><strong>tuor</strong></span> <span class='ocrx_word' id='word_1_214' title='bbox 304 3367 464 3444; x_wconf 88' lang='lat' dir='ltr'><strong>praetores</strong></span> <span class='ocrx_word' id='word_1_215' title='bbox 487 3358 557 3447; x_wconf 83' lang='lat' dir='ltr'><strong>lege</strong></span> <span class='ocrx_word' id='word_1_216' title='bbox 580 3357 695 3423; x_wconf 85' lang='lat' dir='ltr'><strong>Baebia</strong></span> <span class='ocrx_word' id='word_1_217' title='bbox 718 3367 792 3423; x_wconf 90' lang='lat' dir='ltr'><strong>sunt</strong></span> <span class='ocrx_word' id='word_1_218' title='bbox 815 3360 921 3425; x_wconf 86' lang='lat' dir='ltr'><strong>creati.</strong></span> 
     </span>
    </p>

    <p class='ocr_par' dir='ltr' id='par_1_4' title="bbox 252 3469 1233 3560">
     <span class='ocr_line' id='line_1_28' title="bbox 252 3469 1233 3560; baseline 0.002 -24"><span class='ocrx_word' id='word_1_219' title='bbox 252 3472 300 3537; x_wconf 83' lang='lat' dir='ltr'><strong>Ex</strong></span> <span class='ocrx_word' id='word_1_220' title='bbox 322 3471 395 3557; x_wconf 90' lang='lat' dir='ltr'><strong>ipsis</strong></span> <span class='ocrx_word' id='word_1_221' title='bbox 418 3470 520 3537; x_wconf 85' lang='lat' dir='ltr'><strong>verbis</strong></span> <span class='ocrx_word' id='word_1_222' title='bbox 543 3470 622 3560; x_wconf 82' lang='lat' dir='ltr'><strong>legis</strong></span> <span class='ocrx_word' id='word_1_223' title='bbox 652 3481 782 3558; x_wconf 84' lang='lat' dir='ltr'><strong>apparet</strong></span> <span class='ocrx_word' id='word_1_224' title='bbox 803 3493 872 3537; x_wconf 90' lang='lat' dir='ltr'><strong>cam</strong></span> <span class='ocrx_word' id='word_1_225' title='bbox 900 3494 965 3539; x_wconf 88' lang='lat' dir='ltr'><strong>esse</strong></span> <span class='ocrx_word' id='word_1_226' title='bbox 988 3469 1085 3539; x_wconf 88' lang='lat' dir='ltr'><strong>latam</strong></span> <span class='ocrx_word' id='word_1_227' title='bbox 1108 3483 1177 3560; x_wconf 92' lang='lat' dir='ltr'><strong>post</strong></span> <span class='ocrx_word' id='word_1_228' title='bbox 1200 3496 1233 3539; x_wconf 89' lang='lat' dir='ltr'><strong>vr</strong></span> 
     </span>
    </p>
   </div>
   <div class='ocr_carea' id='block_1_3' title="bbox 240 3713 1231 4033">
    <p class='ocr_par' dir='ltr' id='par_1_5' title="bbox 242 3713 535 3782">
     <span class='ocr_line' id='line_1_29' title="bbox 242 3713 535 3782; baseline -0.017 -14"><span class='ocrx_word' id='word_1_229' title='bbox 242 3715 263 3782; x_wconf 83' lang='lat'><strong>¹)</strong></span> <span class='ocrx_word' id='word_1_230' title='bbox 279 3716 339 3767; x_wconf 81' lang='lat' dir='ltr'><strong>Lrv.</strong></span> <span class='ocrx_word' id='word_1_231' title='bbox 358 3713 474 3766; x_wconf 80' lang='lat' dir='ltr'>XXXV.</span> <span class='ocrx_word' id='word_1_232' title='bbox 494 3719 535 3764; x_wconf 68' lang='grc' dir='ltr'><strong>ιο.</strong></span> 
     </span>
    </p>

    <p class='ocr_par' dir='ltr' id='par_1_6' title="bbox 243 3796 506 3862">
     <span class='ocr_line' id='line_1_30' title="bbox 243 3796 506 3862; baseline -0.015 -10"><span class='ocrx_word' id='word_1_233' title='bbox 243 3796 264 3862; x_wconf 81' lang='lat'><strong>²)</strong></span> <span class='ocrx_word' id='word_1_234' title='bbox 280 3802 339 3851; x_wconf 84' lang='lat' dir='ltr'><strong>Ln.</strong></span> <span class='ocrx_word' id='word_1_235' title='bbox 359 3799 443 3848; x_wconf 83' lang='lat' dir='ltr'>XLV.</span> <span class='ocrx_word' id='word_1_236' title='bbox 466 3803 506 3848; x_wconf 82' lang='lat'><strong>16.</strong></span> 
     </span>
    </p>

    <p class='ocr_par' dir='ltr' id='par_1_7' title="bbox 241 3880 753 3945">
     <span class='ocr_line' id='line_1_31' title="bbox 241 3880 753 3945; baseline -0.008 -10"><span class='ocrx_word' id='word_1_237' title='bbox 241 3882 262 3945; x_wconf 78' lang='lat'><strong>³)</strong></span> <span class='ocrx_word' id='word_1_238' title='bbox 280 3885 348 3934; x_wconf 86' lang='lat' dir='ltr'><strong>Vide</strong></span> <span class='ocrx_word' id='word_1_239' title='bbox 366 3896 497 3934; x_wconf 66' lang='lat' dir='ltr'><strong>nonnum</strong></span> <span class='ocrx_word' id='word_1_240' title='bbox 514 3881 546 3930; x_wconf 84' lang='lat' dir='ltr'><strong>ud</strong></span> <span class='ocrx_word' id='word_1_241' title='bbox 564 3894 615 3931; x_wconf 82' lang='lat' dir='ltr'><strong>mv.</strong></span> <span class='ocrx_word' id='word_1_242' title='bbox 635 3880 693 3932; x_wconf 84' lang='lat' dir='ltr'><strong>XL.</strong></span> <span class='ocrx_word' id='word_1_243' title='bbox 712 3887 753 3931; x_wconf 74' lang='lat'><strong>44.</strong></span> 
     </span>
    </p>

    <p class='ocr_par' dir='ltr' id='par_1_8' title="bbox 240 3964 1231 4033">
     <span class='ocr_line' id='line_1_32' title="bbox 240 3964 1231 4033; baseline 0.005 -17"><span class='ocrx_word' id='word_1_244' title='bbox 240 3964 261 4033; x_wconf 68' lang='lat' dir='ltr'><strong>l)</strong></span> <span class='ocrx_word' id='word_1_245' title='bbox 279 3968 360 4019; x_wconf 86' lang='lat' dir='ltr'><strong>Locos</strong></span> <span class='ocrx_word' id='word_1_246' title='bbox 383 3968 415 4017; x_wconf 87' lang='lat' dir='ltr'><strong>de</strong></span> <span class='ocrx_word' id='word_1_247' title='bbox 438 3966 592 4030; x_wconf 84' lang='lat' dir='ltr'><strong>praetoribus</strong></span> <span class='ocrx_word' id='word_1_248' title='bbox 606 3966 654 4015; x_wconf 83' lang='lat' dir='ltr'><strong>illia</strong></span> <span class='ocrx_word' id='word_1_249' title='bbox 670 3967 743 4015; x_wconf 77' lang='lat' dir='ltr'><strong>onrris</strong></span> <span class='ocrx_word' id='word_1_250' title='bbox 761 3966 849 4016; x_wconf 80' lang='lat' dir='ltr'><strong>croatia</strong></span> <span class='ocrx_word' id='word_1_251' title='bbox 869 3966 970 4030; x_wconf 83' lang='lat' dir='ltr'><strong>collegit</strong></span> <span class='ocrx_word' id='word_1_252' title='bbox 989 3980 1111 4019; x_wconf 72' lang='lat' dir='ltr'><strong>nonanes</strong></span> <span class='ocrx_word' id='word_1_253' title='bbox 1129 3971 1162 4020; x_wconf 78' lang='lat' dir='ltr'><strong>nd</strong></span> <span class='ocrx_word' id='word_1_254' title='bbox 1180 3984 1231 4022; x_wconf 79' lang='lat' dir='ltr'><strong>nir.</strong></span> 
     </span>
    </p>
   </div>
   <div class='ocr_carea' id='block_1_4' title="bbox 208 4050 326 4101">
    <p class='ocr_par' dir='ltr' id='par_1_9' title="bbox 208 4050 326 4101">
     <span class='ocr_line' id='line_1_33' title="bbox 208 4050 326 4101; baseline 0.008 -2"><span class='ocrx_word' id='word_1_255' title='bbox 208 4050 265 4100; x_wconf 81' lang='lat' dir='ltr'><strong>XL.</strong></span> <span class='ocrx_word' id='word_1_256' title='bbox 286 4058 326 4101; x_wconf 71' lang='lat'><strong>44.</strong></span> 
     </span>
    </p>
   </div>
   <div class='ocr_carea' id='block_1_5' title="bbox 0 0 1460 4950">
    <p class='ocr_par' dir='ltr' id='par_1_10' title="bbox 0 0 1460 4950">
     <span class='ocr_line' id='line_1_34' title="bbox 0 0 1460 4950; baseline 0 1"><span class='ocrx_word' id='word_1_257' title='bbox 0 0 1460 4950; x_wconf 95' lang='lat' dir='ltr'><strong> </strong></span> 
     </span>
    </p>
   </div>
  </div>
 </body>
</html>
