2910 4950
675 352 822 478 53⁶

225 621 424 710 Argumenta
453 631 559 686 tamen
586 619 699 684 harum
729 618 955 683 sententiarum
984 638 1003 681 a
1033 614 1203 685 nullosad·

178 731 310 810 duntur.

223 848 334 912 Ratun
357 845 476 932 opinio,
500 854 537 910 ut
559 843 636 909 mihi
658 842 800 916 videtur,
825 840 983 907 refellitur
1001 842 1074 927 ipsis
1093 840 1198 908 Schol.

178 957 281 1022 verbis
304 954 346 1044 ¹):
371 956 418 1021 uti
440 955 575 1021 diximus
598 978 665 1023 voc.
691 953 1104 1043 „alt'‹1oontopoateo''non
1124 976 1200 1019 oon·

178 1068 278 1132 tinere
300 1089 398 1133 annos
420 1067 485 1134 fere
506 1070 679 1156 nonaginta
702 1069 758 1155 qui
772 1067 971 1133 intercedunt
989 1068 1072 1131 inter
1094 1065 1199 1154 legem

177 1178 353 1244 Corneliam
386 1179 529 1245 Fulviam
563 1203 592 1245 a.
617 1203 650 1246 ιι.
675 1203 701 1246 c.
735 1179 811 1246 595.
835 1201 864 1244 a.
888 1178 921 1244 C.
949 1179 1012 1243 159
1036 1188 1068 1243 et
1093 1177 1197 1265 legem

175 1290 377 1376 Calpurniam
402 1314 430 1358 a.
455 1315 488 1358 u.
513 1315 541 1357 c.
565 1292 642 1357 686.
667 1313 695 1356 a
720 1291 753 1357 C.
780 1292 833 1356 68.

220 1403 329 1486 Neque
347 1400 557 1467 dubitandum
573 1411 632 1480 est,
650 1403 728 1487 quin
747 1401 827 1466 aliae
842 1407 926 1466 certe
941 1399 1060 1466 fuerint
1079 1402 1198 1467 interea

177 1512 265 1600 leges
287 1509 326 1576 de
348 1512 469 1577 ambitu
492 1513 583 1579 latae.
914 1570 917 1575 .

219 1624 336 1688 Notum
354 1625 437 1690 enim
460 1636 508 1691 est
530 1624 606 1711 quid
628 1624 752 1691 labente
775 1628 853 1712 Rep.
874 1635 1017 1713 tompore
1039 1627 1195 1691 Mariana·

171 1755 245 1799 rum
267 1745 299 1800 et
316 1734 522 1801 Sullanarum
546 1737 712 1802 turbarum
735 1748 766 1803 et
789 1749 880 1804 antea
903 1740 935 1803 in
959 1738 1195 1826 magistratibus

171 1846 309 1912 emendis
331 1847 370 1912 sit
394 1859 617 1934 perpetratum.
661 1850 695 1913 Si
728 1873 808 1936 opus
837 1861 912 1916 erat·
934 1849 1084 1915 Romanis
1114 1871 1195 1914 non·

172 1957 249 2024 du'm
276 1959 407 2024 avaritia
433 1971 464 2025 et
486 1961 614 2026 luxuria
637 1959 782 2049 perditis,
813 1961 911 2027 nullis
938 1961 1041 2026 adbuc
1064 1962 1194 2046 provin·

171 2069 226 2134 ciis
247 2091 356 2134 ansam
378 2070 599 2156 praebentibus
618 2072 761 2137 omnium
781 2071 847 2136 fere
867 2073 1110 2159 magistratuum
1127 2070 1195 2136 fur·

169 2180 208 2245 tis
230 2190 262 2245 et
283 2180 474 2246 facinoribus
492 2182 783 2269 impudentissimis,
807 2206 904 2249 novas
920 2182 960 2248 de
976 2182 1100 2247 ambitu
1119 2206 1195 2249 con-1

168 2289 244 2356 dere
270 2291 356 2380 leges
388 2315 415 2360 v.
435 2316 463 2360 o.
493 2297 598 2382 legem
628 2294 805 2360 Corneliam
835 2295 983 2360 Baebium
1007 2317 1035 2361 a.
1060 2317 1087 2362 o.
1115 2295 1191 2362 181.

167 2401 344 2467 Corneliam
367 2404 510 2469 Fulviam
535 2405 598 2469 159
623 2427 652 2472 a.
676 2405 710 2471 C.
739 2405 857 2469 mirum
880 2405 1052 2491 unicuique
1071 2405 1193 2471 accidat

166 2535 290 2579 necesse
313 2525 359 2580 est
381 2526 469 2582 tanto
492 2516 659 2582 intervallo
682 2539 783 2602 usqne
804 2516 844 2582 ad
861 2515 964 2604 legem
982 2515 1194 2602 Calpurniam.

167 2647 196 2691 a.
209 2649 236 2692 c.
251 2626 304 2694 68.
322 2627 443 2692 nullam
460 2627 499 2693 de
514 2628 633 2694 ambitu
650 2627 887 2714 comprimendo
902 2628 970 2693 fieri
986 2629 1189 2697 mentionem.

211 2737 284 2819 Quo
306 2739 404 2826 igitur
426 2738 514 2803 locus
537 2739 723 2805 referendus
745 2743 812 2806 est?
858 2739 1061 2828 Respondeo:
1087 2740 1125 2806 ad
1145 2742 1190 2808 lo-

163 2870 237 2937 gem
261 2848 420 2934 quandam
444 2873 472 2915 n.
501 2872 595 2916 conr.
621 2873 737 2914 sunnin
761 2853 936 2918 Dictatoris.

209 2960 368 3023 Mouusen
387 2958 414 3048 ²)
447 2959 514 3023 sine
536 2959 605 3025 ullo
628 2950 817 3048 argu'mento
840 2985 859 3026 a
878 2983 974 3027 cons.
997 2985 1093 3027 sunna
1116 2986 1187 3032 eam

162 3071 268 3160 legem
304 3081 448 3159 rogatam
482 3069 580 3137 videri
609 3071 687 3138 dixit
712 3072 752 3161 ⁸).
800 3058 899 3140 Cuius
928 3073 1113 3139 sententiam
1144 3076 1189 3141 sio

165 3182 316 3249 defendo:

162 3355 193 3419 1.
228 3351 322 3434 Quod
344 3355 518 3419 necessario
536 3365 687 3441 sequatur
708 3378 749 3421 ex
771 3377 888 3420 sunnin
910 3353 1115 3442 legislatione.

162 3489 193 3553 2.
229 3485 322 3568 Quod
337 3510 376 3552 ex
392 3499 558 3554 auctorum
575 3489 777 3556 classicorum
796 3489 916 3564 indiciis
931 3491 1004 3556 satis
1022 3502 1181 3579 appareat.

160 3622 192 3688 3.
217 3614 320 3703 ¹Quod
346 3646 385 3688 eo
407 3633 549 3710 tempore
575 3622 710 3690 ambitus
733 3624 766 3688 in
789 3624 868 3689 urbe
890 3626 992 3690 Romu
1019 3623 1181 3690 ferbuerit.

170 3982 174 3989 .
194 3942 213 4008 ι)
231 3944 292 3995 vu.
310 3958 334 4008 p.

192 4024 214 4096 ἵ)
230 4028 369 4079 Mousnu
386 4044 427 4094 op.
445 4029 462 4078 l.
481 4045 505 4094 p.
525 4035 565 4079 44.
584 4046 610 4080 n.
631 4033 653 4080 7.
671 4035 694 4079 8.

192 4110 212 4180 ³)
227 4112 283 4166 Neo
295 4114 376 4166 ullum
390 4121 567 4179 argumentum
580 4115 703 4179 profertur
714 4130 731 4166 a
742 4115 881 4166 asomum.
896 4127 937 4178 op.
950 4112 968 4162 l.
978 4112 1016 4162 11.
1029 4128 1052 4177 p.
1063 4117 1105 4177 4³.
1119 4116 1175 4164 101.
