2910 4950
767 402 809 467 80

274 604 442 694 disputari3
474 627 587 692 nempe
617 603 694 691 quid
715 605 864 670 effectum
887 604 926 669 sit
948 603 1020 692 lege
1040 605 1178 671 Gabinia
1200 603 1301 672 tabel-

275 718 369 801 laria,
408 720 495 810 (nam
521 719 581 784 hac
610 718 675 783 basi
698 718 810 783 nititur
832 727 897 782 tota
919 718 1031 782 Tuaen
1056 716 1240 807 disputatio)
1269 719 1297 806 ι)

274 831 327 898 vel
357 831 433 919 quid
463 831 624 920 legislator
653 831 711 897 sibi
740 831 885 898 voluerit.
932 832 1066 897 Tanarus
1094 833 1140 898 sio
1165 832 1205 897 de
1231 832 1304 921 lege

275 943 426 1009 Gabinia:
463 944 708 1025 „auctoritatem
739 943 938 1031 optimatium
969 943 1022 1009 lex
1048 944 1211 1011 tabellaria
1241 944 1302 1009 ab·

277 1054 391 1137 „stulit
414 1055 460 1143 2);
496 1077 592 1140 quem
624 1054 760 1142 populus
793 1054 873 1118 liber
910 1077 1077 1141 nunquam
1116 1055 1304 1121 desideravit

277 1165 384 1248 „idem
412 1188 578 1253 oppressus
600 1164 763 1232 dominatu
785 1187 823 1232 ao
846 1169 984 1253 potentia
1006 1169 1186 1256 principum
1209 1167 1302 1233 effla-

276 1275 421 1366 pavit?

323 1391 392 1454 Non
417 1389 443 1454 is
466 1410 555 1468 sum,
588 1388 644 1476 qui
666 1388 834 1473 suscipiam
857 1411 981 1453 aarum
1004 1388 1203 1475 aliorumque
1229 1412 1305 1456 oau-

277 1523 345 1566 sam
375 1510 485 1566 contra
515 1499 597 1566 hano
627 1522 792 1566 cronnorrs
822 1500 1089 1579 criminationem
1122 1499 1162 1566 ad
1188 1523 1304 1587 propo·

278 1612 374 1677 situm
408 1621 552 1676 nostrum
586 1611 665 1677 nibil
688 1611 821 1691 faceret;
846 1609 900 1676 sed
930 1612 1032 1677 dicam
1061 1613 1171 1698 paucis
1201 1634 1305 1677 meam

279 1724 465 1790 sententiam
490 1722 529 1789 do
556 1724 698 1803 consilio,
724 1746 788 1811 quo
812 1722 890 1789 haec
909 1723 961 1790 lex
984 1723 1049 1788 lata
1070 1725 1119 1791 sit.
1166 1723 1307 1812 Populus

279 1858 446 1923 oppressus
475 1836 613 1921 potentia
643 1858 713 1901 eom
745 1834 850 1922 legem
881 1833 1058 1923 flagitabat3
1088 1834 1186 1900 libere
1208 1836 1307 1923 igitur

280 1945 407 2012 volebat
435 1968 526 2012 suam
553 1947 739 2012 sententiam
764 1945 926 2011 declarare
949 1955 981 2010 et
1002 1945 1181 2033 postulabat
1202 1944 1308 2034 legem

281 2057 479 2125 tabellariam
511 2082 593 2144 quae
623 2059 823 2145 optimatium
848 2057 900 2123 vel
921 2058 1024 2144 potius
1042 2059 1219 2145 potentium
1242 2059 1307 2123 vim

282 2170 506 2257 comprimeret
526 2193 564 2235 eo
585 2169 696 2248 modo,
713 2178 749 2261 ut
770 2191 846 2233 mox
868 2167 960 2234 latius
983 2169 1096 2255 aliquis
1118 2169 1201 2235 idem
1219 2170 1308 2256 prin-

283 2282 400 2368 cipium
423 2280 572 2367 protulit,
597 2280 716 2345 ferens:
743 2303 809 2361 „ne
828 2281 897 2366 quis
915 2280 1063 2346 tabellam
1087 2280 1308 2371 inspiciatss).'’

328 2393 430 2457 Antea
452 2393 535 2457 enim
556 2414 647 2470 voce,
662 2390 760 2478 (quod
776 2415 926 2457 arrienos
946 2403 977 2457 et
994 2394 1090 2459 ceteri
1102 2392 1216 2457 Graeci
1237 2416 1309 2472 χει-

284 2503 420 2586 ροτονίαν
452 2501 594 2591 dicunt),
629 2502 824 2568 voluntatem
853 2527 943 2569 suam
974 2502 1192 2582 declarabant,
1223 2501 1310 2588 quod

285 2616 379 2680 etiam
413 2624 519 2700 postea
554 2612 593 2678 de
627 2637 659 2678 se
691 2611 810 2680 factum
844 2640 910 2681 esse
939 2637 1055 2683 cronno
1086 2615 1244 2703 gloriatur
1267 2611 1309 2701 ⁴).

285 2729 376 2792 Tune
398 2737 482 2791 certe
501 2726 635 2790 maiores
656 2725 782 2792 fraudes
805 2727 926 2794 admitti
948 2737 1107 2815 poterant,
1133 2749 1227 2813 quam
1252 2747 1311 2811 per

285 2836 433 2915 tabelias,
457 2859 514 2922 per
536 2860 614 2924 quas
637 2838 765 2904 liberior
787 2839 823 2905 fit
844 2841 988 2929 suffragii
1011 2839 1095 2907 latio.
1141 2840 1221 2904 Nata
1243 2860 1311 2902 esso

285 2959 393 3037 postea
418 2946 520 3011 multa
549 2947 749 3014 incommoda
771 2973 811 3015 ex
832 2950 892 3016 hac
913 2951 1003 3040 lege,
1026 2961 1115 3017 natas
1137 2972 1202 3016 ease
1226 2948 1311 3014 mul·

286 3068 334 3127 tas
363 3058 503 3138 fraudes,
528 3082 593 3125 non
616 3061 755 3148 negeb03
781 3062 894 3129 lubens
916 3063 1081 3142 confiteor,
1107 3060 1248 3127 sednon
1271 3059 1313 3125 ad

287 3171 453 3250 fraudem,
488 3181 520 3236 at
551 3181 660 3236 contra
691 3173 846 3257 ambitum
887 3174 939 3240 lex
976 3174 1053 3239 mihi
1082 3173 1146 3237 lata
1175 3170 1311 3239 videtur.

287 3285 407 3350 Cronno
438 3281 524 3347 solus
553 3281 632 3370 legis
662 3283 814 3350 Gabiniae
840 3286 1032 3351 mentionem
1058 3283 1134 3348 facit
1159 3282 1207 3346 his
1236 3305 1313 3347 ver-

287 3395 349 3462 bis:
377 3395 403 3484 ὖ)
431 3404 534 3476 „sunt
563 3395 646 3459 enirn
670 3408 809 3483 quatuor
833 3397 919 3485 leges
949 3394 1147 3477 tabellariae3
1173 3418 1312 3482 quarum

322 3589 343 3654 1)
361 3591 552 3647 Monrreonrao
568 3590 728 3654 hanclegem
737 3589 873 3641 Gabiniam
885 3588 1054 3652 reprehendit.
1071 3588 1229 3652 Eepritd.L.
1239 3589 1276 3638 11.
1288 3594 1315 3638 2.

322 3673 345 3741 1)
362 3676 417 3727 Cre.
441 3676 473 3725 de
495 3676 575 3740 Legg.
599 3677 651 3727 111.
679 3679 708 3724 15
733 3675 746 3738 p
768 3681 810 3725 34.
845 3674 1046 3737 Distinguendae
1068 3680 1154 3724 tamen
1171 3681 1230 3725 eunt
1248 3675 1316 3738 apud
1416 3664 1423 3673 ’

287 3776 338 3814 cro.
356 3762 468 3811 diversae
486 3774 620 3825 personae,
637 3772 702 3824 quae
719 3759 817 3830 debeo
834 3758 890 3821 lege
907 3774 1035 3810 sormones
1049 3759 1165 3811 caedunt
1200 3759 1267 3811 Vide
1281 3760 1315 3808 ad

288 3847 314 3897 h.
332 3847 351 3897 l.
368 3860 496 3897 nosram
514 3846 540 3894 in
560 3845 598 3893 od.
616 3858 639 3892 e„
661 3846 735 3891 1834.
753 3841 855 3892 Franci.
874 3843 905 3892 ed
923 3843 960 3892 M.

323 3927 344 3995 ³)
362 3931 417 3982 Cic.
435 3931 467 3979 de
484 3930 564 3991 Legg.
582 3928 633 3977 111.
656 3928 685 3975 17
705 3926 721 3988 ξ
738 3931 781 3975 38.

323 4013 344 4081 ⁴)
362 4016 417 4066 Cre.
435 4015 461 4064 in
479 4013 550 4062 Rull.
568 4012 605 4061 11.
625 4015 640 4059 2
660 4010 675 4071 §
693 4016 717 4059 4.

325 4098 345 4167 5)
362 4101 417 4152 Cro.
435 4099 468 4147 de
484 4098 564 4158 legg.
583 4096 635 4157 Ill,
655 4098 694 4144 16.
714 4096 729 4159 5
747 4100 788 4144 35.
