2910 4950
715 440 778 506 117

228 658 290 714 stet
310 670 338 715 a.
361 671 392 713 u.
412 671 440 714 ο.
465 647 541 713 694.
566 647 585 714 i.
602 671 630 713 e.
655 648 792 713 triennio
821 656 906 734 post,
937 648 998 714 hoc
1026 671 1092 714 esso
1121 661 1250 715 cautum

230 783 297 841 „ne
326 758 460 826 absentis
490 760 570 824 ratio
599 758 790 826 haberetur’'
822 770 859 825 ut
888 760 1003 825 scimus
1034 784 1074 827 ex
1102 762 1251 847 petitione

227 894 385 938 ossssnrs.
432 869 510 936 lude
531 871 635 937 effecit
657 874 694 940 V.
715 872 761 938 Cl.
792 884 824 938 et
846 883 930 938 recte
952 872 1034 938 hanc
1057 873 1162 960 legem
1184 894 1249 938 esse

226 984 323 1052 latam
353 985 436 1049 intra
463 993 603 1070 tempus,
635 1006 699 1071 quo
727 983 780 1050 lex
806 985 939 1050 Servilia
961 985 1124 1070 antiquata
1149 993 1196 1049 est
1218 967 1250 1049 et

224 1119 290 1183 qno
320 1118 439 1161 cssssn
473 1096 570 1182 petiit.
617 1098 707 1178 Quae
732 1098 838 1183 opinio
869 1100 997 1186 egregie
1024 1097 1247 1175 confirmatur,

224 1209 352 1295 opinor,
377 1208 500 1274 duobus
522 1207 598 1274 locis
620 1231 747 1274 sscorn
768 1208 807 1273 de
829 1208 977 1294 petitione
1000 1231 1170 1276 csrrnrrss
1192 1208 1248 1273 ubi

222 1318 336 1386 diserte
363 1319 437 1385 dicit
466 1341 642 1384 cursuras
673 1341 784 1385 revera
814 1320 936 1406 petiisse
964 1319 1019 1385 sed
1049 1318 1198 1384 destitisse
1226 1341 1247 1384 a

222 1431 386 1517 petitione,
411 1430 497 1516 quod
519 1452 592 1494 reus
614 1440 693 1494 esset
707 1428 747 1518 ¹).
793 1429 927 1515 Insuper
945 1427 1006 1494 hoc
1024 1428 1117 1494 liceat
1132 1427 1246 1496 addam
1309 1443 1313 1450 ’

222 1539 308 1627 quod
329 1542 362 1605 in
385 1563 551 1606 cressonis
574 1539 740 1606 consulatu
766 1539 805 1606 de
827 1563 865 1606 ea
886 1563 922 1606 re
944 1539 996 1606 lex
1018 1564 1083 1606 non
1106 1542 1146 1607 sit
1163 1540 1245 1619 lata,

220 1674 296 1717 narn
324 1661 456 1739 apparet
477 1674 632 1716 nonensis
654 1649 855 1716 decedentem
876 1648 916 1716 de
937 1651 1116 1738 provincia,
1147 1651 1247 1739 igitur

218 1762 379 1829 absentem
406 1764 546 1850 petiisse,
581 1762 667 1850 quod
700 1761 865 1828 conficitur
893 1772 963 1828 tum
997 1787 1037 1829 ex
1070 1764 1139 1829 aliis
1168 1764 1246 1831 locis

219 1885 298 1942 orat.
336 1899 396 1962 pro
428 1899 558 1941 russas
595 1885 663 1940 tum
698 1898 738 1975 ex
771 1874 819 1939 his
847 1874 951 1940 verbis
977 1874 1025 1963 ²),
1058 1898 1139 1962 quae
1171 1886 1245 1941 sunt

108 1986 109 1991 ’
219 1988 425 2052 accusatoris:
468 1985 586 2068 „multi
619 1986 743 2051 obviam
777 1985 978 2071 prodierunt,
1013 1985 1052 2051 do
1082 1987 1244 2072 provincia

219 2145 238 2179 ‚,
247 2096 425 2176 decedenti,
450 2096 649 2164 consulatum
672 2096 823 2183 petenti.''

264 2211 366 2298 igitur
388 2232 553 2297 possumus
576 2208 679 2274 dicere
697 2208 801 2296 legem
820 2207 860 2274 do
883 2207 1073 2294 professione
1096 2210 1179 2276 intra
1197 2211 1242 2278 le·

218 2323 343 2411 gitimos
365 2322 430 2387 dies
455 2319 700 2410 (trinundinum)
722 2344 788 2386 esse
811 2321 908 2386 latam
926 2343 955 2386 a.
970 2344 1001 2388 u.
1016 2344 1043 2388 c.
1065 2323 1140 2388 692.
1160 2346 1189 2389 a.
1207 2325 1240 2392 C.

218 2437 277 2513 62,
302 2434 354 2499 vel
376 2457 404 2501 a.
425 2456 457 2500 u.
480 2457 507 2501 c.
534 2433 609 2500 693.
634 2456 662 2500 a.
683 2434 716 2498 C.
741 2433 793 2500 61.
818 2433 910 2498 etita
931 2432 1040 2518 paullo
1062 2436 1242 2500 accuratius

216 2567 381 2631 possumis
413 2546 549 2633 spatium
582 2546 732 2632 temporis
764 2543 893 2610 definire
928 2568 1024 2631 quam
1054 2568 1073 2609 a
1102 2546 1148 2612 cl.
1178 2570 1241 2616 vsu

214 2679 405 2725 coanosvsn
432 2659 551 2736 factum
578 2669 635 2726 est.
681 2659 746 2724 Nec
767 2656 871 2723 ullum
897 2658 1065 2745 vestigium
1087 2668 1133 2724 est
1155 2660 1241 2747 apud

213 2790 397 2836 crosnossn
420 2769 515 2834 talem
539 2769 643 2856 legem
665 2792 698 2833 se
720 2769 850 2835 consule
872 2792 938 2834 esse
960 2768 1067 2836 latam.

250 2884 321 2949 v11.
346 2883 379 2947 Si
401 2880 550 2947 conducti
571 2889 783 2959 sectarentur,

235 2995 321 3060 Vlll.
346 2993 379 3056 Si
391 2990 616 3080 gladiatoribus
627 2990 726 3079 vulgo
737 2990 825 3057 locus
836 2989 978 3055 tributim
988 2991 1175 3071 essetdatus,
1208 2998 1235 3083 ³)

263 3106 320 3172 IX.
344 3104 378 3169 si
399 3103 533 3191 prandia
555 3103 653 3191 vulgo
676 3111 779 3169 essent
800 3101 883 3168 data.

255 3217 304 3282 td
337 3218 424 3283 Vlil.
481 3216 563 3281 Dicit
598 3239 675 3280 usin
711 3214 752 3280 ad
788 3237 875 3280 voce.
919 3214 972 3296 „si
1010 3213 1237 3303 gladiatoribus

210 3328 336 3416 „vulgo
365 3328 454 3394 locus
487 3328 631 3395 tributim
659 3337 738 3393 esset
767 3325 879 3392 datus''
899 3325 946 3414 ⁴):
982 3326 1062 3408 „das
1092 3326 1123 3394 h.
1153 3327 1235 3394 ohne

209 3437 440 3520 „Unterschied
464 3437 548 3504 allen
570 3437 684 3504 Tribus
702 3437 790 3503 nicht
811 3437 879 3502 blos
896 3436 954 3503 der
969 3438 1082 3503 Tribus
1100 3462 1142 3504 zu
1157 3438 1233 3505 wel·

209 3548 309 3630 „cher
338 3549 573 3630 derCandidat
595 3549 764 3639 gehorte’',
797 3548 881 3635 quod
906 3550 958 3613 vix
981 3550 1142 3638 intelligo,
1172 3552 1233 3618 nisi

209 3659 288 3727 forte
318 3670 436 3727 statuas
466 3660 616 3729 delictum
648 3661 747 3728 levius
775 3661 826 3728 vel
855 3662 985 3749 gravius
1011 3685 1076 3728 esse
1099 3663 1124 3728 si
1146 3662 1229 3730 idem

207 3806 418 3820 -———-

241 3873 261 3940 ¹l
279 3875 343 3926 Asc.
361 3891 422 3926 ruo.
438 3894 462 3943 p.
481 3892 523 3929 or.
543 3884 584 3929 66.

222 3955 261 4031 ,2)
278 3959 333 4010 Cro.
352 3975 376 4024 p.
394 3961 463 4010 Mur.
481 3959 515 4012 83
533 3962 546 4026 5
564 3966 605 4012 68.

241 4038 261 4107 ⁸)
278 4043 332 4094 Cre.
350 4059 375 4108 p.
394 4045 461 4095 Mur.
481 4051 513 4095 32
532 4046 545 4109 t
563 4048 604 4095 st.

240 4123 261 4194 ⁴)
277 4127 353 4181 Bm.
371 4146 411 4194 op.
429 4131 446 4180 1.
468 4146 492 4196 p.
514 4135 571 4182 712.
589 4160 592 4172 ·
