2910 4950
758 355 822 417 194

285 560 531 629 accommodaris
550 560 717 650 significat:
750 560 865 648 siquis
884 559 1066 626 indicaverit
1084 561 1104 625 i.
1125 583 1152 626 e.
1173 558 1306 627 demon-

285 675 430 739 straverit
467 674 602 739 ambitus
643 673 810 739 damnatus
853 673 952 739 alium
994 671 1077 738 idem
1119 674 1310 739 commisisse

286 784 424 863 crimen,
451 778 555 870 ¹)'vel
580 781 677 870 (quod
701 784 794 848 etiam
818 783 849 848 in
873 783 1019 870 praemiis
1041 806 1081 847 ex
1100 781 1168 847 aliis
1185 781 1311 871 legibus

285 894 324 961 de
354 894 475 959 ambitu
504 893 650 982 vidimus)
679 895 704 959 si
728 895 797 981 quis
820 894 918 960 alium
949 894 1085 960 ambitus
1114 893 1312 959 damnaverit

191 1079 197 1087 ‚
285 1006 366 1073 liber
393 1030 412 1072 a
441 1029 543 1094 poena
571 1008 712 1095 irrogata
741 1018 816 1073 esto.
864 1008 897 1071 Si
926 1007 1025 1094 igitur
1055 1030 1198 1071 nannius
1222 1005 1312 1071 dam·

285 1130 390 1185 nasset
419 1143 585 1186 sannorum
615 1119 834 1206 impunitatem
862 1119 910 1183 sui
937 1119 1076 1184 criminis
1098 1120 1312 1204 impetrassct;

286 1241 319 1297 at
340 1255 405 1297 non
428 1231 605 1312 damnavit;
630 1231 727 1320 igitur
750 1231 808 1318 ipsi
827 1253 954 1296 usnnto
975 1251 1077 1317 poena
1095 1239 1143 1295 est
1160 1231 1312 1317 irrogata.

285 1345 317 1409 Is
335 1344 419 1409 enim
438 1345 658 1431 impunitatem
677 1342 863 1429 accipiebat,
884 1353 1014 1408 auctore
1034 1365 1130 1409 orons
1144 1364 1252 1407 cassio
1266 1341 1312 1429 ²),

289 1456 345 1541 qui
367 1455 446 1521 duos
464 1455 603 1522 eiusdem
623 1456 673 1521 vel
694 1457 842 1535 minoris,
868 1465 1042 1521 autunum
1063 1455 1191 1521 maioris
1209 1452 1314 1519 crimi-

288 1568 336 1633 nis
359 1568 598 1634 condemnasset
626 1565 734 1657 (εἷλεν)
759 1592 856 1655 quam
887 1569 978 1634 cuius
1005 1568 1070 1654 ipsa
1092 1577 1162 1632 erat
1183 1565 1315 1631 damna·

289 1689 350 1746 tus.
397 1681 443 1744 Ex
473 1679 575 1744 verbis
598 1702 703 1745 rioms
728 1680 819 1745 facile
843 1680 1049 1769 intelligitur,
1074 1680 1155 1745 sicut
1176 1702 1216 1744 ex
1239 1699 1316 1743 ana·

290 1789 377 1878 logia
403 1791 618 1876 praemiorum
644 1814 684 1856 ex
714 1790 782 1857 aliis
804 1791 929 1879 legibus
950 1791 1196 1878 propositorum,
1220 1788 1316 1854 fuisse

289 1901 383 1972 etiam
414 1903 554 1987 praemia
581 1903 618 1967 iis
645 1925 791 1968 concessa
821 1903 956 1992 exlege
983 1903 1148 1989 Pompeia,
1181 1901 1235 1988 qui
1258 1900 1318 1986 ipsi

290 2036 355 2079 non
378 2012 519 2079 damnati
548 1995 626 2079 alios
648 2013 744 2081 huius
767 2015 906 2081 criminis
929 2014 1165 2081 damnaverant.
1214 2014 1319 2078 Potest

291 2123 352 2190 hoc
388 2125 536 2190 facillime
570 2125 779 2192 demonstrari
810 2128 986 2193 testimonio
1024 2149 1152 2192 asconn
1181 2125 1228 2215 3),
1264 2123 1320 2211 qui

292 2235 367 2301 dicit
400 2261 544 2303 ursorum
579 2238 672 2303 fuisse
704 2238 890 2303 damnatum
924 2238 962 2304 de
997 2239 1117 2304 ambitu
1151 2246 1319 2303 accusante

293 2371 404 2427 arrio,
430 2349 484 2434 qui
508 2371 607 2434 quum
632 2349 809 2435 praemium
833 2349 862 2413 ei
885 2348 955 2436 lege
979 2347 1109 2413 daretur
1128 2347 1265 2435 negarit.
1289 2347 1321 2411 Is

293 2460 392 2548 igitur
411 2484 464 2545 spe
487 2461 618 2545 praemii
638 2483 702 2525 non
722 2461 897 2540 accusavit3
923 2483 987 2524 nou
1008 2470 1078 2533 erat
1099 2461 1162 2546 ipsc
1184 2458 1321 2523 ambitus

293 2570 475 2650 damnatus,
507 2593 582 2635 nam
605 2571 824 2657 impunitatem
849 2593 932 2656 aqua
954 2582 986 2635 et
1007 2571 1075 2658 igni
1097 2567 1321 2637 interdictionis

296 2693 373 2749 tunc
395 2707 460 2748 non
483 2695 642 2771 negasset,
675 2682 760 2749 unde
783 2684 926 2770 sequitur
944 2683 1120 2747 necessario
1142 2679 1204 2746 alia
1225 2681 1320 2745 etiam

297 2797 437 2883 praemia
461 2794 554 2860 fuisse
578 2818 722 2861 concessa
744 2796 797 2875 iis,
829 2795 884 2882 qui
907 2796 964 2881 ipsi
987 2792 1123 2860 ambitus
1144 2816 1209 2861 non
1231 2791 1323 2858 dam·

330 2954 351 3019 ¹)
369 2955 489 3005 Ambitus
507 2955 598 3004 dicitur
611 2959 738 3018 peccatam
755 2967 771 3001 a
788 2963 835 3001 etc.
854 2966 878 3015 p.
897 2949 936 3002 cl.
956 2949 1019 3014 tob
1040 2955 1096 2999 114.

330 3037 350 3101 ²)
369 3040 421 3089 Dio
439 3052 542 3089 csssrus
559 3039 617 3088 XL
637 3043 678 3086 52.

332 3123 353 3183 ³)
372 3125 435 3175 Asc.
454 3140 478 3188 p.
498 3139 540 3173 oa.
560 3128 601 3172 54.
636 3123 676 3172 Dc
699 3121 774 3170 huius
797 3120 846 3170 loci
869 3120 990 3183 scriptura
1008 3134 1059 3169 non
1080 3126 1176 3170 constat
1193 3119 1259 3170 iuter
1275 3118 1326 3169 cdi-

299 3219 379 3262 torcs:
399 3208 499 3260 Ossan.
516 3208 605 3258 edidit:
625 3214 768 3256 acccusator
785 3205 833 3254 suit
850 3217 944 3256 armas
962 3217 1094 3255 curamus
1109 3212 1205 3255 etcum
1219 3204 1244 3253 ci
1257 3215 1326 3267 praa

301 3296 395 3346 amium
405 3309 438 3344 ex
452 3293 509 3357 loge
521 3293 634 3352 daretur,
647 3292 749 3354 negavit
758 3290 776 3357 †
784 3304 828 3340 reo
841 3290 883 3344 ita.
899 3289 1120 3360 subscripserunt·
1129 3296 1186 3338 cett
1204 3288 1325 3337 Manno.

300 3379 423 3430 conexit:
437 3392 495 3427 cum
510 3378 534 3427 ei
548 3377 688 3440 praemium
699 3391 733 3425 ex
747 3376 803 3437 lege
818 3376 919 3424 daretur
934 3373 1028 3438 necavit
1041 3390 1066 3422 sc
1080 3389 1107 3422 oo
1120 3372 1164 3422 uti.
1180 3373 1228 3438 (ed.
1246 3373 1327 3424 Intor-

301 3467 375 3527 prctt.
393 3473 442 3509 crc.
460 3459 580 3508 Hauniac
601 3459 685 3521 1828).
710 3459 762 3508 Sed
780 3459 853 3509 liccat
867 3458 928 3508 hacc
948 3459 1053 3508 mutatio
1072 3459 1218 3508 auctoritato
1232 3457 1327 3507 nitatur

300 3547 394 3598 summi
405 3546 454 3594 viri
468 3553 552 3595 tamen
563 3559 619 3594 eam
629 3545 749 3594 incertam
759 3560 812 3595 esso
822 3546 936 3595 arbitror.
954 3543 1063 3609 Neqovit
1071 3560 1096 3593 sc
1104 3560 1131 3593 eo
1140 3560 1237 3594 asanrm
1246 3542 1296 3608 [vel
1303 3558 1328 3591 aa

302 3648 329 3680 co
344 3629 380 3679 uti
393 3628 465 3692 nolle]
484 3637 543 3678 tnnc
561 3629 694 3677 dicendum
708 3628 807 3688 fuisset,
822 3630 866 3679 scd
882 3643 933 3678 non
948 3643 992 3692 per
1007 3643 1133 3693 praesens.
1159 3630 1228 3680 Nam
1241 3642 1329 3691 separa

300 3718 364 3779 sign.
381 3712 497 3763 abnuendi
511 3715 545 3763 ita
554 3714 712 3764 construitur:
733 3712 833 3762 aCauso
843 3727 901 3762 vero
910 3721 1039 3776 perorata,
1051 3714 1187 3764 sententias
1195 3727 1222 3762 se
1230 3720 1329 3774 rogatu·

303 3817 379 3849 nrum
398 3800 523 3862 negavit.''
540 3812 590 3848 cic.
605 3799 637 3846 ad
652 3797 684 3857 Q.
700 3797 730 3845 fr.
746 3797 783 3846 11.
804 3801 824 3845 1.
841 3797 929 3861 [Quod
943 3811 972 3846 n.
986 3811 1077 3858 naun,
1094 3799 1178 3848 scribit
1192 3810 1242 3847 c1c.
1257 3792 1329 3848 Orat.

301 3887 392 3938 Select.
408 3887 443 3935 V.
461 3899 485 3951 p.
508 3881 547 3932 16'.
565 3884 634 3947 Lips.
657 3887 731 3931 1850.
750 3882 782 3930 ml
803 3882 868 3931 banc
885 3896 1011 3933 nioman
1025 3883 1227 3935 emendationem
1240 3882 1330 3932 conflr-

300 3971 433 4028 mandam,
451 3982 503 4018 esse
521 3968 598 4017 moris
615 3967 681 4030 apud
698 3967 827 4016 Romanos
844 3967 892 4018 hac
909 3968 1017 4019 dictione
1034 3968 1086 4028 uti,
1101 3977 1168 4018 carte
1186 3982 1238 4018 nou
1255 3980 1329 4033 appa·

299 4065 336 4108 rct
355 4071 388 4107 ex
407 4055 525 4117 exemplo
542 4053 609 4119 qnod
628 4053 671 4102 ilic
689 4053 810 4116 apposnit.
846 4052 901 4103 Cre.
921 4055 953 4103 ml
970 4053 1043 4103 Fam.
1061 4053 1098 4103 11.
1120 4056 1149 4103 17
1170 4054 1185 4116 5
1205 4052 1241 4116 7.]
