2910 4950
699 408 741 472 66

207 617 240 680 C.
272 614 400 702 delego
422 615 535 692 llario,
556 637 620 700 qua
639 624 768 679 cautum
785 624 821 678 ut
837 614 1071 700 pontesficrent
1089 616 1233 703 angusti,

276 748 304 792 a.
331 749 361 792 u.
387 748 415 793 c.
442 726 516 793 635.
542 747 572 793 a.
595 728 629 793 C.
658 727 733 793 119.

253 951 291 1016 Α.
338 950 545 1019 Verissimum
563 947 640 1014 mihi
660 947 785 1014 videtur
802 948 887 1035 quod
908 947 1025 1036 legitur
1044 948 1129 1035 apud
1147 970 1237 1015 erca-

211 1083 319 1127 aaran
346 1061 389 1150 ¹):
425 1061 686 1148 „qualescunque
716 1062 832 1126 summi
862 1062 994 1127 civitatis
1018 1062 1076 1126 viri
1100 1061 1236 1138 fuerint,

210 1171 334 1253 „talem
358 1173 514 1238 civitatem
537 1173 632 1239 fuisse
649 1212 693 1223 —
712 1173 867 1239 nobilium
897 1173 961 1238 vita
991 1174 1141 1259 victuque
1165 1196 1237 1239 mu·

211 1293 320 1368 „tato,
355 1306 459 1349 mores
488 1287 605 1349 mutari
637 1283 832 1351 civitatum.’'
887 1283 979 1365 Quod
1011 1285 1043 1349 in
1077 1284 1169 1349 nulla
1203 1308 1240 1349 re

212 1396 314 1483 magis
336 1397 539 1482 perspicuam
563 1420 629 1461 esse
647 1394 820 1474 contendo,
845 1418 941 1482 quam
964 1397 997 1460 in
1017 1397 1084 1482 ipso
1103 1395 1241 1462 ambitus

215 1507 356 1573 erimine.
398 1507 524 1574 Scilicet
545 1508 605 1573 hac
632 1509 663 1573 in
688 1531 723 1574 rc
749 1530 858 1574 omnes
883 1508 1079 1595 conspirant,
1103 1532 1239 1575 consen-

213 1619 359 1704 tiuntquc
388 1629 458 1684 tum
488 1620 617 1686 demum
645 1622 802 1686 civitatem
825 1621 970 1706 civesque
992 1624 1152 1686 Romanos
1174 1644 1239 1687 esse

215 1742 381 1817 corruptos
419 1754 520 1817 quum
554 1733 707 1797 Asiaticae
735 1730 865 1797 deliciae
901 1733 935 1797 ia
973 1732 1086 1797 urbem
1121 1732 1240 1798 fuerint

214 1842 372 1922 invectae,
408 1866 570 1929 quumque
600 1842 713 1908 exinde
742 1854 830 1908 ortae
863 1843 925 1907 sint
959 1845 1089 1908 avaritia
1122 1854 1155 1908 et
1188 1842 1237 1929 lu-

154 1950 157 1957 ’
214 1955 318 2021 auria.
349 1955 443 2037 Quod
466 1957 490 2020 si
514 1955 566 2019 cui
588 1977 653 2021 non
675 1954 718 2019 ita
740 1978 805 2019 esse
831 1953 976 2020 videatur
998 1956 1141 2041 inspiciat
1162 1954 1238 2020 mihi

216 2090 376 2133 saurusrrr
399 2068 573 2157 gravissimi
596 2067 733 2132 auctoris
759 2066 920 2163 querelae,
941 2090 1055 2153 easque
1078 2091 1168 2133 veras
1192 2067 1238 2156 ²);

214 2179 313 2245 immo
343 2180 416 2244 llsia
456 2178 603 2244 luxuriae
637 2178 766 2243 nomine
795 2189 860 2243 tam
897 2177 981 2244 rnalc
1021 2176 1168 2243 audiebat
1205 2188 1241 2242 ut

216 2313 366 2353 aenaeae
399 2289 603 2365 obiiceretur,
639 2288 693 2372 qui
730 2285 926 2372 aliquamdiu
968 2288 1011 2353 ibi
1044 2287 1174 2374 degerat
1199 2288 1240 2375 3).

215 2400 289 2463 Post
318 2421 354 2463 ca
384 2409 527 2484 tempora
557 2397 703 2477 „saevire
734 2395 879 2476 fortuna,
911 2420 949 2463 ac
979 2399 1109 2464 miscere
1137 2399 1243 2463 ornnia

217 2511 362 2596 „coepit3
392 2509 520 2573 ambitio
550 2508 668 2573 multos
692 2508 841 2574 mortales
871 2509 965 2576 falsos
992 2510 1061 2574 fieri
1084 2509 1242 2596 subegit.”

218 2623 322 2703 (luam
358 2642 432 2685 vera
461 2620 522 2684 sint
548 2614 625 2683 haec
652 2618 765 2684 ultima
787 2644 881 2685 nemo
907 2620 1099 2685 luculentius
1126 2619 1243 2685 iudica-

217 2735 263 2797 vit
292 2755 388 2818 quam
418 2732 483 2817 ipsc
505 2754 689 2797 sarcasmus
712 2733 744 2797 iu
767 2732 851 2799 bello
874 2732 1067 2821 iugurthino
1086 2732 1116 2820 ⁴)
1143 2756 1243 2818 quum

219 2844 344 2922 scribit,
368 2844 481 2930 quibus
503 2844 630 2909 tandem
654 2840 773 2910 artibus
795 2869 899 2910 asaro
925 2846 1109 2932 processerit
1132 2855 1169 2909 ut
1188 2845 1245 2909 sibi

219 2954 355 3020 honores
388 2955 505 3021 scilicet
537 2966 744 3043 compararet.
799 2958 864 3039 „ln
899 2958 1047 3043 petitione
1077 2967 1246 3043 praeturae

221 3091 367 3149 „ulmus
401 3089 550 3153 supremo
580 3067 650 3134 loco
679 3068 793 3147 haesit,
826 3090 921 3153 quem
952 3078 1057 3134 tamen
1084 3091 1149 3133 non
1179 3070 1247 3135 sine

222 3178 392 3264 „periculo
420 3179 570 3260 obtinuit;
604 3180 739 3246 ambitus
769 3181 853 3245 enim
881 3192 1046 3246 accusatus
1074 3181 1129 3244 vix
1151 3191 1249 3267 atque

223 3312 345 3376 „aegre
367 3289 595 3356 absolutionem
619 3313 638 3357 a
660 3291 814 3357 iudicibus
836 3290 1036 3377 impetravit''
1052 3290 1093 3379 5).

268 3402 414 3467 Fueritnc
437 3403 500 3468 iam
523 3414 601 3469 tune
620 3405 760 3491 quaestio
782 3413 934 3490 perpetua
956 3403 996 3469 de
1018 3403 1139 3470 ambitu
1160 3405 1248 3470 insti·

228 3621 444 3633 ———

262 3755 570 3821 ¹)(71c.chegg.IH.
592 3759 622 3802 14
642 3755 657 3816 ς
674 3759 705 3802 31
727 3768 762 3818 sq.
782 3754 827 3817 [ad
845 3755 916 3819 Fam.
935 3757 957 3805 1.
977 3761 991 3804 9
1009 3758 1023 3820 ξ
1044 3759 1086 3820 12]

262 3839 282 3904 ²)
300 3842 380 3891 Sam„
399 3841 466 3889 Bellj
481 3840 536 3890 Cat.
556 3844 579 3887 3.
602 3842 632 3887 10
650 3854 704 3903 sqq.
722 3847 747 3888 ct
764 3841 862 3902 passim.

262 3923 283 3991 ³)
302 3926 357 3977 Cre.
372 3942 397 3990 p.
415 3927 483 3974 Mur.
502 3929 527 3975 5.
544 3925 558 3988 6
578 3927 605 3971 11
626 3938 663 3988 sq.

265 4010 285 4075 ⁴)
303 4012 383 4061 Sara..
397 4009 463 4057 Bell.
479 4009 535 4069 Ing.
552 4011 598 4066 63,
614 4011 655 4057 64.
675 4012 720 4068 81,
732 4014 772 4059 85.
791 4010 870 4060 Saxa.
889 4025 951 4061 arra
966 4026 1069 4062 merom
1088 4013 1119 4062 do
1134 4013 1167 4062 V.
1178 4014 1199 4062 1.
1210 4016 1253 4063 67.

266 4095 285 4155 ⁵)
303 4098 372 4145 Via.
391 4106 458 4141 arax.
479 4094 526 4142 vl.
546 4098 559 4141 9
581 4094 594 4153 ξ
617 4097 654 4141 15.
691 4094 771 4144 l'tr'r.
790 4096 855 4145 Mar.
874 4114 895 4145 c.
916 4102 939 4147 5.
959 4114 986 4160 p.
1002 4104 1052 4147 4116
1069 4099 1100 4147 B.
