2910 4950
634 378 698 442 183

151 588 225 652 700.
249 606 277 651 a.
302 586 338 652 C.
363 585 423 650 54.
451 605 525 648 nam
556 607 582 650 e.
609 606 764 649 varrnrurr
791 582 929 648 defendit
957 604 1075 650 cicero
1101 597 1172 670 post

147 705 329 781 praeturam
351 695 428 784 (quo
446 704 587 781 tempore
603 718 677 761 eum
696 719 734 760 eo
750 696 781 761 in
798 696 934 783 gratiam
950 694 1042 760 rediit
1052 719 1081 762 a.
1096 719 1126 760 ιι.
1141 719 1169 763 e.

148 807 223 873 699.
248 831 277 873 a.
303 808 336 873 C.
361 807 433 894 55);
457 808 555 896 igitur
580 810 653 874 700.
675 830 703 874 a.
724 808 757 875 C.
778 807 831 874 54.
856 808 991 873 Cronius
1009 816 1055 872 est
1074 808 1172 872 inter-

147 916 247 983 fectus
265 941 284 982 ιι
303 941 434 983 stretona
454 943 481 984 a.
505 943 535 985 ιι.
558 943 585 985 e.
609 922 683 986 702.
705 942 732 985 a.
754 920 786 985 C.
807 919 849 983 52
866 918 956 985 initio
975 921 1049 985 anni
1069 941 1169 1004 quum

146 1053 298 1095 nossemus
324 1031 467 1098 nondum
494 1032 603 1097 consul
634 1043 758 1097 creatus
780 1043 848 1096 erat
873 1032 910 1121 ¹).
959 1033 1048 1113 Quae
1071 1051 1171 1116 quum

147 1140 190 1204 ita
208 1140 270 1204 sint
293 1142 322 1229 ²)
345 1141 513 1206 reiicienda
535 1153 580 1206 est
602 1142 707 1228 opinio
730 1163 832 1205 rreurr
855 1139 1017 1205 scribentis
1043 1142 1068 1227 ³)
1095 1163 1168 1204 een-

146 1275 253 1316 ruenu
279 1276 408 1319 cauneis
431 1276 522 1318 reum
545 1277 610 1317 esse
630 1252 747 1317 factum
767 1251 939 1337 petiturum
960 1249 1169 1315 consulatum.

145 1364 245 1429 Multo
274 1366 379 1430 verius
411 1364 489 1429 mihi
521 1364 628 1429 videor
657 1386 725 1428 rem
756 1384 932 1449 proponere
960 1363 985 1426 si
1015 1361 1171 1426 contendo

146 1473 206 1539 hoo
228 1475 378 1542 iudicium
402 1486 509 1540 aetum
532 1498 597 1540 esse
620 1475 652 1539 in
674 1474 736 1539 fine
756 1496 784 1538 a.
810 1496 841 1540 ιι.
867 1496 894 1539 e.
918 1474 992 1539 701.
1016 1495 1045 1540 a.
1069 1472 1102 1539 C.
1127 1472 1169 1538 53

147 1608 247 1671 quum
278 1589 311 1651 in
341 1599 399 1651 ιω
425 1589 488 1652 702
512 1608 668 1651 tarentus
696 1585 821 1672 petebat
844 1595 1044 1671 praeturam,
1069 1604 1170 1670 quum

144 1695 227 1764 idem
250 1721 279 1764 a.
305 1721 338 1766 u.
363 1721 390 1765 c.
417 1699 492 1766 705.
517 1721 545 1765 ιι.
570 1700 602 1765 C.
628 1698 671 1763 49
695 1697 895 1764 consulatum
918 1697 1049 1786 gesserit
1061 1695 1100 1784 ⁴).
1171 1719 1177 1729 ¹

188 1917 306 1983 Eodem
336 1919 431 1985 modo
459 1930 495 1985 ut
522 1931 629 2007 postea
652 1922 725 1986 Scto
747 1917 885 2005 quodam
908 1918 952 1983 sie
975 1938 1059 1982 caro
1082 1939 1114 1982 se
1138 1918 1170 1983 in

144 2041 294 2117 praetura
342 2033 478 2097 inrisum
524 2031 674 2111 reddidit,
719 2032 774 2117 qui
812 2029 894 2095 hanc
933 2028 973 2094 ad
1015 2027 1170 2116 populum

143 2141 253 2207 tulerit
283 2142 385 2231 legem
411 2143 438 2232 5)
472 2145 612 2230 „utqui
644 2143 862 2231 magistratum
894 2151 984 2205 erant
1010 2140 1115 2227 adepti
1143 2142 1169 2207 si

144 2255 299 2336 „nullum
330 2265 431 2321 essent
465 2257 550 2322 nacti
585 2267 814 2334 accusatorem,
850 2255 908 2340 ipsi
941 2253 1026 2338 apud
1051 2254 1171 2320 iuratos

143 2365 285 2448 „iudices
307 2369 461 2434 rationem
485 2369 641 2455 petitionis
663 2365 863 2433 redderent.”
910 2363 1004 2447 Quod
1027 2367 1070 2430 ita
1092 2387 1168 2453 gra·

142 2478 223 2543 viter
258 2477 399 2544 ferebant
431 2483 568 2547 Romani
603 2481 787 2567 praesertim
826 2478 985 2544 tenuiores
1014 2480 1167 2559 χρώμενοι

141 2589 184 2668 τῷ
215 2588 398 2672 δεκάζεσθαι
428 2592 568 2675 κιθιὶπερ
600 2591 736 2675 ἐργασίᾳ
763 2589 890 2679 (quibus
912 2588 1065 2676 suffragia
1087 2610 1167 2654 ven·

140 2700 215 2766 dere
242 2702 400 2787 opificium
431 2705 509 2791 erat)
544 2715 581 2769 ut
610 2715 789 2790 praetorem
822 2723 971 2768 aaronem
998 2722 1038 2765 ex
1059 2701 1168 2766 rostris

140 2811 330 2898 expulerint.
388 2815 456 2878 Hoe
490 2824 595 2879 tamen
630 2814 763 2900 profecit
795 2823 833 2877 ut
864 2813 919 2899 qui
953 2821 992 2878 tr.
1024 2811 1068 2898 pl.
1099 2809 1168 2876 fieri

140 2925 308 3012 cupiebant
336 2946 375 2990 eo
402 2947 486 2990 anno
509 2947 573 3012 quo
595 2925 755 3012 petierunt
776 2947 912 2989 naasson
936 2933 1007 2989 cett.
1031 2923 1168 2988 iurarint

139 3057 173 3100 se
206 3034 336 3101 arbitrio
367 3057 500 3102 aaronis
530 3037 682 3123 petituros
711 3034 797 3123 apud
826 3056 921 3122 quem
951 3032 1167 3119 deposuerunt

140 3147 201 3212 HS.
230 3147 403 3234 quingena,
428 3157 465 3212 ut
487 3148 541 3233 qui
560 3171 579 3212 a
602 3171 726 3214 carone
749 3147 917 3213 damnatus
937 3155 1017 3212 esset
1037 3145 1069 3212 id
1091 3168 1165 3233 per·

141 3257 229 3324 deret
266 3269 302 3323 ut
340 3260 597 3347 competitoribus
634 3261 846 3340 tribueretur3
887 3298 932 3309 —
971 3257 1057 3344 quod
1089 3281 1163 3325 cum

140 3391 256 3436 eremo
278 3371 385 3437 scribit
403 3372 430 3460 ⁸)
456 3373 615 3439 verissime
640 3372 741 3438 addit:
770 3396 880 3460 „quae
905 3371 1055 3463 (comitia)
1081 3372 1165 3437 siut

173 3637 194 3705 ¹)
212 3639 275 3690 Asc.
294 3656 318 3705 p.
337 3656 380 3691 on.
399 3646 441 3691 at.

174 3722 195 3787 ²1
212 3725 279 3776 Vide
295 3740 446 3777 asecnanuu
464 3729 497 3778 od
513 3728 559 3778 hos
576 3743 664 3778 annos.

174 3806 194 3874 ³)
212 3811 291 3860 Pron.
310 3812 361 3859 111.
380 3826 404 3874 p.
421 3816 481 3863 388.

173 3896 193 3957 ⁴>
212 3899 280 3947 Vide
296 3897 365 3946 Fast.
385 3897 460 3947 Cons.
478 3899 511 3948 ad
528 3916 551 3950 ιι.
570 3917 594 3951 ιι.
613 3918 634 3950 c.
655 3903 712 3949 705.
730 3913 746 3946 a
764 3897 792 3948 C.
812 3903 852 3946 49.

174 3978 194 4046 ⁵)
211 3981 293 4031 Puer.
312 3981 367 4032 Cat.
385 3982 450 4031 Min.
470 3989 510 4031 44.

173 4063 193 4130 ὓ)
211 4064 265 4117 Cre.
284 4067 338 4117 nn
358 4067 405 4117 1v.
429 4070 458 4114 15
478 4065 491 4130 i
511 4069 532 4114 7.
