2910 4950
767 400 832 467 206

286 611 452 697 antiquum
476 619 512 676 nt
534 611 573 689 is,
598 610 653 696 qui
675 609 807 676 eomitiis
830 618 976 696 praeerat
1002 610 1067 696 ipse
1085 632 1117 675 so
1136 613 1238 677 creari
1256 636 1312 701 pa·

286 732 422 801 teretur3
449 721 533 808 quod
556 720 703 809 exemplo
725 720 856 787 indicari
878 731 979 808 potest
999 720 1077 810 legis
1096 723 1249 789 Domitiae
1272 725 1312 792 de

286 834 464 900 sacerdotis.

330 943 539 1011 Memorabilis
568 943 607 1009 de
638 967 675 1009 eo
704 966 793 1009 more
824 943 912 1010 locus
942 954 988 1010 est
1015 947 1100 1032 apud
1124 969 1238 1013 nrvrnn
1263 948 1311 1037 ¹),

286 1055 341 1122 ubi
370 1082 401 1134 o.
427 1080 555 1123 ronrrus
578 1055 711 1122 dictator
737 1054 849 1122 doctus
880 1057 1006 1122 comitia
1035 1056 1180 1124 habuisse
1211 1059 1314 1125 fertur

287 1169 475 1236 consularia.
521 1169 563 1234 At
592 1190 630 1233 ea
656 1169 782 1234 comitia
805 1167 913 1254 perfici
937 1192 1001 1234 non
1026 1179 1207 1256 potuerunt.
1248 1172 1313 1239 Ga·

285 1281 365 1347 leria
387 1282 562 1360 iuniorum,
587 1302 669 1367 quae
691 1290 775 1346 sorte
794 1281 1017 1368 praerogativa
1036 1292 1106 1346 erat
1125 1306 1156 1359 o.
1173 1305 1314 1349 rnnrruu

286 1403 318 1460 et
340 1420 371 1472 ρ.
395 1416 513 1458 rantum
536 1391 681 1459 consules
712 1391 850 1471 dixerat,
882 1391 993 1458 eodem
1024 1393 1094 1458 iure
1117 1404 1246 1460 vocatae
1265 1396 1314 1462 in·

286 1505 471 1584 elinassent,
493 1506 526 1570 ni
545 1503 663 1569 tribuni
682 1502 781 1590 plebis
800 1526 832 1569 se
848 1504 1118 1591 interposuissent,
1140 1507 1194 1592 qui
1210 1530 1314 1594 neque

286 1619 507 1705 magistratum
528 1616 708 1683 continuari
724 1616 797 1681 satis
817 1616 909 1681 eivile
924 1640 990 1682 esse
1008 1618 1148 1698 aiebant,
1170 1631 1202 1685 et
1212 1619 1314 1685 multo

287 1727 433 1794 foedioris
456 1726 593 1813 exempli
616 1750 689 1792 eum
710 1727 825 1805 creari,
852 1728 906 1813 qui
930 1730 1056 1817 comitia
1076 1730 1214 1798 haberet

332 1840 483 1904 Poterant
501 1837 573 1903 inde
593 1839 678 1903 nasei
698 1836 826 1903 fraudes
845 1861 998 1926 magnae,
1023 1864 1101 1926 quas
1116 1841 1208 1906 multi
1226 1864 1312 1908 com·

287 1952 441 2018 miserunt
468 1961 576 2038 postea
606 1950 637 2015 in
669 1950 806 2016 aliorum
835 1952 971 2039 gratiam
1000 1951 1043 2040 2).
1089 1954 1255 2041 Leguntur
1281 1953 1315 2020 in

287 2086 325 2129 eo
356 2061 427 2128 loeo
456 2061 586 2128 laudato
617 2060 700 2148 apud
733 2083 845 2126 mvrnu
876 2084 978 2147 pauca
1007 2061 1153 2148 exempla
1181 2064 1214 2128 in
1245 2065 1315 2149 qui·

289 2175 348 2240 bus
378 2174 529 2252 obtinuit,
561 2184 598 2238 ut
627 2185 812 2238 crearentur
842 2173 1044 2261 magistratus
1074 2177 1106 2241 in
1129 2174 1238 2241 iisdem
1262 2199 1314 2243 eo·

289 2287 399 2366 mitiis,
431 2285 546 2373 quibus
574 2295 760 2372 praeerant,
792 2285 845 2351 sed
875 2285 936 2351 hoe
966 2310 1029 2352 non
1054 2298 1121 2353 erat
1144 2290 1229 2355 civile
1250 2289 1271 2356 i.
1285 2313 1312 2354 e.

288 2399 374 2485 quod
397 2421 454 2465 nos
476 2398 670 2476 dicoremuS,
693 2420 758 2465 non
781 2397 927 2479 decebat3
954 2449 972 2480 „
983 2398 1072 2464 licuit
1094 2399 1235 2486 quidem,
1260 2399 1315 2465 sed

289 2533 382 2594 „non
404 2519 472 2574 erat
494 2507 695 2573 honestum.”
742 2508 802 2572 Sed
826 2508 904 2574 haee
928 2509 1056 2575 ferenda
1076 2522 1166 2576 erant
1184 2513 1217 2576 in
1237 2534 1314 2576 osn-

288 2645 383 2701 sunn,
419 2621 475 2708 qui
508 2619 591 2685 hane
624 2621 723 2705 ipsam
758 2617 946 2686 dictaturam
982 2631 1102 2688 emerat
1135 2644 1154 2687 a
1184 2621 1313 2688 consule

289 2754 390 2798 naono
414 2731 539 2797 talentis
560 2730 675 2811 χιλίοις
699 2730 752 2795 xxi
777 2732 991 2805 astruxerim
1017 2732 1058 2821 θ).

334 2845 467 2932 „Opere
490 2844 631 2910 censorio
653 2842 788 2909 nudatos
808 2854 840 2910 et
856 2846 1010 2910 sententia
1026 2845 1168 2911 iudicum
1186 2844 1226 2910 de
1245 2868 1313 2911 am·

289 2958 388 3042 „bitu
423 2955 684 3035 condemnatos‚’'
721 2980 787 3022 esse
817 2980 836 3022 a
867 2980 1005 3024 causaue
1032 2959 1191 3024 restitutos
1217 2982 1314 3046 supra

288 3071 353 3137 dixi
366 3069 408 3158 ⁴).
444 3068 505 3133 Sed
521 3070 585 3134 iam
603 3092 641 3133 eo
659 3081 870 3155 pervenerant
885 3072 1041 3137 servitutis
1055 3071 1204 3150 Romani,
1229 3072 1315 3139 orbis

288 3193 449 3249 terrarum
479 3180 614 3260 domini,
647 3193 683 3247 ut
712 3205 832 3249 causan
865 3193 932 3249 tuta
959 3194 1061 3270 posset
1087 3184 1122 3249 iis
1151 3185 1314 3270 imponere

173 3324 177 3335 ·
238 3364 242 3371 ,
281 3296 510 3383 magistratus,
545 3315 625 3379 quos
651 3293 762 3360 vellet:
796 3296 950 3378 „comitia
979 3296 1062 3361 enirn
1090 3318 1164 3360 eum
1194 3293 1313 3380 populo

289 3409 451 3494 „partitus
488 3414 551 3482 est,
592 3414 628 3469 ut
664 3408 801 3492 exeeptis
831 3406 1010 3473 consulatus
1040 3407 1241 3494 petitoribus,
1274 3405 1314 3471 de

288 3528 419 3605 „cetero
445 3538 581 3582 numero
609 3515 848 3599 candidatorum
872 3542 931 3606 pro
953 3528 1042 3605 parte
1064 3517 1209 3598 dimidia,
1234 3540 1314 3604 quos

288 3631 451 3719 „populus
473 3629 585 3708 vellet,
608 3630 909 3716 pronuntiarentur,
929 3653 988 3718 pro
1007 3641 1096 3717 parte
1115 3630 1216 3698 altera
1234 3652 1314 3718 quos

322 3852 418 3918 ¹)L1r.
436 3854 556 3905 XXVII.
575 3859 600 3905 6.

322 3935 343 4001 ²)
360 3939 442 3989 Pnrr.
460 3939 515 3991 Cat.
531 3940 596 3989 Min.
616 3943 658 3989 46.
676 3941 707 3990 ef.
726 3953 801 3990 rtur.
820 3937 849 3992 C.
868 3937 960 3990 Graeh.
981 3945 1021 3990 12.

323 4019 443 4090 ³1Pnrr.
462 4025 552 4091 Pomp.
572 4029 614 4075 58.

322 4105 343 4174 ⁴)
360 4107 400 4159 (tt
415 4122 464 4160 cro.
480 4110 513 4160 ad
529 4110 584 4160 Ata
600 4109 651 4160 IX.
669 4108 836 4175 14.X.4§8.
848 4108 1002 4162 eamcam.
1014 4107 1279 4162 41.Cooa.B.C.111.
1293 4111 1315 4156 1.
