2910 4950
785 405 848 471 140

303 629 378 675 nem
409 607 469 673 hoc
499 608 742 698 intelligendum
766 632 830 674 csse
857 608 896 673 de
921 605 1112 695 professione
1136 619 1267 696 apparet
1288 630 1330 675 ex

300 717 364 783 fine
382 719 467 785 illius
489 721 613 806 capitis:
639 743 727 808 posse
750 744 803 786 eos
824 729 894 808 post
914 721 1134 808 interregnum
1153 719 1329 786 secundum

301 827 388 917 leges
425 832 511 896 κατὰ
536 833 606 904 τοὺς
633 832 741 911 νόμους
766 833 986 920 magistratum
1010 854 1131 918 capere.
1185 833 1328 896 Priorem

301 940 501 1005 consulatum
531 942 553 1006 ii
582 954 748 1029 gesseruut
773 965 802 1008 e.
823 965 855 1008 u.
877 965 904 1007 c.
927 942 1001 1008 684.
1033 963 1062 1006 a.
1086 941 1119 1006 C.
1146 941 1199 1006 70.
1230 941 1330 1029 igitur

301 1049 340 1115 de
370 1050 579 1136 prohibitione
606 1075 645 1118 ex
674 1052 745 1140 lege
776 1051 921 1117 Cornelia
946 1050 979 1116 h.
1000 1049 1021 1115 l.
1048 1072 1151 1115 sermo
1174 1071 1329 1118 esserum

301 1162 466 1250 potest1).
520 1164 699 1250 Antequam
730 1174 836 1229 tamen
871 1162 910 1228 de
940 1156 1052 1228 corum
1084 1160 1251 1226 consulatu
1276 1162 1329 1228 vel

300 1270 425 1360 legibus
454 1273 575 1360 aliquid
603 1275 759 1354 dicamus,
790 1273 885 1339 verbo
908 1272 1103 1340 monendum
1126 1283 1173 1337 est
1193 1271 1232 1337 dc
1254 1273 1330 1339 Scio

301 1381 366 1448 lato
388 1404 440 1452 ca.
460 1406 556 1451 cona.
580 1407 722 1451 neruoso
746 1407 966 1463 nnncsnnmo,
991 1409 1019 1450 n.
1045 1406 1168 1449 nuncio
1183 1406 1329 1450 rninrrro

301 1517 379 1562 coss.
399 1498 474 1561 anni
492 1498 678 1582 superioris,
701 1497 815 1584 quibus
834 1521 910 1565 coss.
931 1518 1081 1562 rnrrcros
1094 1507 1133 1562 tr.
1153 1495 1197 1582 pl.
1218 1495 1279 1560 fuit
1298 1493 1326 1585 ²)

302 1628 331 1674 a.
350 1629 383 1672 u.
407 1607 482 1673 698.
503 1630 531 1675 a.
554 1608 590 1675 0.
616 1610 670 1677 56.
717 1611 791 1691 Quo
813 1632 898 1674 anno
922 1610 1032 1674 Sctum
1057 1607 1177 1672 fectum
1199 1616 1246 1672 est
1263 1615 1330 1690 „nt

300 1715 508 1800 „sodalitates
555 1716 770 1805 decuriatique
811 1717 1016 1796 discederent,
1071 1717 1186 1803 lexque
1219 1715 1258 1782 de
1291 1717 1330 1783 iis

301 1827 483 1911 „ferretur‚
517 1839 552 1893 ut
580 1831 636 1916 qui
657 1852 722 1895 non
750 1829 947 1896 discesserint
968 1853 1005 1896 ca
1028 1852 1146 1917 poena,
1179 1839 1331 1915 quaeest

301 1938 365 2023 „de
388 1940 420 2003 vi
443 1941 647 2006 tenerentur”
670 1943 711 2031 ³).
759 1942 941 2012 Videbimus
970 1942 1012 2008 ed
1040 1942 1144 2031 legem
1176 1942 1328 2007 Liciniam

300 2051 396 2116 etiam
425 2049 464 2116 de
495 2052 720 2139 significatione
749 2053 843 2121 huius
866 2055 932 2121 Scti
961 2054 1047 2141 qnod
1070 2077 1144 2120 cum
1167 2054 1234 2139 ipsa
1256 2053 1328 2142 lege

300 2162 340 2229 de
362 2162 516 2229 sodaliciis
538 2174 623 2230 arcte
646 2165 802 2233 cohaeret.

298 2513 369 2576 qnod
391 2519 478 2575 postca
500 2511 557 2562 iecit
580 2527 659 2576 quum
682 2512 767 2576 poium
789 2513 932 2564 inimicitias
957 2513 1060 2576 gerebat
1080 2525 1139 2562 cum
1161 2523 1280 2562 sonmo
1298 2519 1329 2562 nt

299 2594 345 2658 qui
369 2593 470 2644 liberius
493 2596 614 2646 vixerunt
634 2599 740 2661 pecunia
762 2597 874 2649 alliceret
895 2606 923 2647 ut
939 2613 957 2647 a
975 2598 1026 2646 suis
1043 2604 1138 2647 sterent
1154 2597 1273 2661 pertibm.
1292 2621 1329 2632 -

301 2678 397 2729 Notum
415 2687 452 2731 est
469 2681 532 2730 illud
550 2683 581 2731 de
598 2696 713 2734 comens
730 2697 788 2732 acre
805 2683 889 2735 alieno
906 2684 1007 2733 obruto:

423 2797 566 2846 nvendidit
584 2797 626 2848 hic
640 2813 702 2848 suro
719 2799 825 2864 petriani
842 2799 1032 2863 dominiumque
1049 2804 1193 2863 potentem,

423 2878 584 2946 'imposuit-’³

803 2954 882 3006 Vno.
901 2951 969 3002 Aen.
988 2953 1036 3003 VI.
1056 2955 1114 3001 621.

487 3065 668 3115 aeMomentum
684 3066 732 3116 fnit
749 3075 859 3116 mutatus
877 3080 955 3116 cumo
975 3081 1060 3116 rernm

491 3147 643 3199 nGallornm
660 3158 745 3215 captus
762 3151 848 3215 spoliis
866 3160 891 3201 et
907 3163 1031 3199 cissams
1050 3150 1137 3198 euro.'’
1244 3211 1246 3215 y

798 3253 864 3302 Luc.
881 3251 970 3301 Phara
988 3251 1038 3301 IV.
1056 3253 1115 3298 sla.

334 3359 401 3410 Vide
416 3373 560 3411 umissos.
578 3361 636 3413 Life
650 3363 679 3413 oi
690 3378 784 3416 cicaro
798 3367 835 3415 11.
851 3381 875 3430 p.
891 3368 932 3416 ³7.
959 3365 1007 3415 Ed.
1021 3363 1104 3414 Lomi
1124 3366 1197 3412 1823.
1216 3373 1243 3412 1.
1262 3373 1326 3412 wm-

298 3455 393 3492 csnuer.
417 3443 449 3494 de
471 3458 496 3493 n.
519 3460 593 3495 vanu
617 3455 642 3498 et
665 3462 746 3500 cassu
763 3462 942 3503 annumeras
958 3449 1012 3501 ritu
1031 3456 1056 3501 et
1072 3446 1232 3499 carminibus.
1268 3444 1326 3497 Gri·

299 3539 356 3576 mae
377 3529 451 3575 1836.
468 3542 492 3592 p.
515 3534 563 3589 194
580 3546 633 3597 sqq.

334 3607 355 3676 ¹)
372 3610 440 3661 Vide
457 3625 532 3677 snpra
549 3630 573 3678 p.
590 3618 637 3675 61,
657 3618 697 3664 64.

334 3688 355 3756 ²)
372 3692 428 3744 cic.
446 3695 478 3744 au
495 3695 528 3757 Q.
546 3697 576 3747 a.
594 3699 631 3748 Π.
650 3703 661 3747 1
681 3699 698 3748 r.

335 3773 354 3841 ³)
372 3776 427 3828 Cic.
445 3781 477 3830 ud
496 3780 528 3842 Q.
548 3782 576 3831 ir.
591 3764 629 3833 11.
648 3788 664 3832 3
684 3785 699 3846 ξ
717 3788 740 3831 5.
