2910 4950
617 432 680 496 195

135 644 201 710 nati
230 640 307 708 alios
336 641 431 707 huius
461 639 600 706 criminis
631 640 836 706 convicissent
860 639 898 728 ι).
945 639 1090 707 Absurde
1117 650 1164 707 est

137 755 242 841 opinio
271 776 465 820 soucanuun
489 755 537 834 ²),
570 753 624 838 qui
654 753 761 818 omnia
791 751 830 818 de
862 752 1009 839 praemiis
1031 752 1161 842 exlege

135 867 306 954 Calpurnia
336 875 367 931 et
396 889 436 932 ex
464 865 535 954 lege
564 866 710 950 Pompeia
733 864 851 930 mirum
875 865 908 929 in
932 863 1062 930 modum
1087 886 1162 931 eon·

135 978 247 1043 iunxit.
312 979 418 1043 Primo
459 977 559 1043 credit
600 978 668 1042 iure
711 976 744 1042 in
787 975 1009 1042 damnatorum
1054 975 1161 1043 locum

137 1089 238 1156 suffici
268 1090 395 1178 [nempe
425 1091 450 1155 si
476 1089 521 1154 illi
552 1082 705 1177 designati
735 1099 827 1153 erant
859 1088 1072 1177 magistratus]
1106 1089 1162 1176 qui

137 1224 228 1267 reum
247 1200 491 1284 damnaverant;
513 1200 651 1267 seeundo
671 1199 831 1266 contendit
849 1210 974 1286 praeter
991 1199 1051 1266 hoe
1071 1223 1163 1286 prae·

137 1314 238 1379 mium
268 1313 354 1378 aliud
384 1313 477 1380 fuisse
500 1337 614 1400 nempe
637 1323 674 1377 ut
703 1335 742 1377 ex
765 1311 850 1377 tribu
872 1312 995 1377 urbana
1018 1312 1163 1398 perveni·

138 1435 209 1491 rent
228 1426 260 1491 in
282 1427 446 1506 rusticam3
473 1425 557 1512 quod
576 1425 812 1514 demonstratur
828 1424 975 1511 exemplo
993 1447 1087 1488 untur
1110 1424 1167 1510 qui

138 1538 170 1603 in
194 1539 428 1604 Crustuminum
453 1546 641 1626 pervenerat
661 1575 707 1586 —
730 1535 784 1601 sed
802 1537 941 1622 primum
961 1535 1166 1601 indicandum

139 1659 185 1714 est
203 1673 329 1716 artuum
359 1651 453 1716 fuisse
481 1659 646 1736 receptum
669 1649 701 1714 in
726 1637 845 1714 tribum
866 1648 1039 1728 urbanam,
1065 1671 1165 1735 quum

139 1762 295 1828 civitatem
323 1785 342 1828 a
371 1785 509 1829 roureio
537 1763 672 1848 aceepit,
698 1771 868 1848 antequam
890 1760 972 1826 illud
993 1783 1168 1847 argumen-

138 1882 208 1936 tum
239 1872 358 1958 aliquid
389 1875 514 1940 efficere
545 1874 657 1958 possit,
690 1870 775 1955 quod
801 1894 865 1935 non
889 1870 1060 1935 admodum
1085 1871 1166 1936 veri·

139 1979 240 2045 simile
262 1981 397 2049 videtur.
422 1986 528 2048 Tertio
551 2003 721 2048 uoununuu
746 1982 865 2046 invenit
884 1982 1060 2068 praemium
1081 1981 1167 2067 quod

140 2112 233 2157 narro
255 2104 334 2158 esset
356 2091 464 2159 datum
488 2117 602 2180 nempe
624 2103 861 2182 argumentum.
909 2092 1002 2175 Quod
1021 2093 1074 2159 ille
1098 2094 1165 2160 scil.

141 2201 238 2269 homo
272 2228 356 2270 unus
392 2228 432 2271 ex
466 2206 620 2270 ditissimis
653 2205 798 2292 negavit;
835 2204 913 2270 nihil
946 2205 1033 2270 aliud
1060 2216 1165 2272 tamen

141 2317 244 2401 potuit
269 2318 297 2382 ei
321 2316 467 2396 concedi,
498 2340 572 2384 nam
592 2328 660 2384 erat
680 2318 713 2383 in
732 2317 949 2382 honestissima
971 2317 1073 2394 tribu,
1106 2339 1166 2382 neo

140 2439 209 2493 erat
243 2440 335 2496 autea
368 2430 536 2496 damnatus
569 2429 608 2496 de
642 2428 779 2509 ambitu;
817 2427 1064 2516 confugiendum
1099 2438 1168 2494 erat

139 2540 237 2628 igitur
270 2541 311 2607 ad
344 2566 552 2610 nummorum
593 2544 780 2630 praemium.
839 2540 924 2623 Quid
962 2540 1166 2630 cogitandum

140 2651 239 2739 igitur
272 2663 319 2719 est
351 2654 390 2719 de
425 2678 463 2720 eo
500 2654 697 2741 legislatore,
730 2637 955 2738 qui'praemia
981 2654 1013 2716 in
1044 2652 1168 2739 legibus

140 2762 320 2846 proposuit,
345 2761 387 2825 ita
410 2772 446 2825 ut
466 2763 520 2846 qui
539 2772 672 2848 argento
696 2784 761 2826 non
785 2770 896 2847 egent,
920 2784 1068 2826 nummos
1087 2762 1169 2826 acei-

141 2872 246 2957 piant3
273 2868 387 2955 quibus
406 2871 545 2935 nummis
563 2894 642 2957 opus
661 2879 707 2935 est
726 2869 930 2948 concedatur,
951 2881 988 2935 ut
1006 2894 1079 2936 cum
1100 2871 1169 2939 aliis

141 3004 237 3068 quam
262 3004 336 3047 eum
359 2980 468 3045 amicis
490 2993 522 3047 et
540 2981 707 3047 tribulibus
730 2981 834 3046 ferant
856 2982 1018 3069 suffragia.

186 3095 311 3158 Poterat
333 3115 474 3159 nannius
496 3094 529 3159 in
553 3118 591 3159 eo
612 3094 727 3160 iudicio
755 3093 920 3179 deplorare
943 3096 1032 3182 Reip.
1057 3095 1166 3162 condi-

140 3206 256 3271 tionem
289 3214 325 3270 ut
347 3204 436 3284 fecit,
461 3205 515 3272 sed
537 3206 625 3272 stulti
647 3216 715 3272 erat
734 3216 844 3272 contra
868 3205 1062 3272 voluntatem
1085 3231 1166 3274 rou·

140 3341 202 3384 run
220 3318 281 3384 illis
299 3318 492 3404 temporibus
510 3319 648 3404 aliquem
667 3340 816 3384 accusare
835 3341 888 3403 spe
907 3320 1055 3405 praemii,
1076 3344 1167 3406 prae-

140 3431 247 3494 sertim
260 3453 388 3497 rourum
400 3454 544 3496 socerum
559 3429 604 3519 3);
625 3453 724 3517 aeque
736 3439 804 3495 erat
815 3429 985 3498 ridiculum
998 3442 1075 3500 tune
1087 3444 1167 3501 tem-

141 3539 227 3625 poris
251 3539 389 3626 aliquem
412 3539 598 3620 defendere,
622 3563 717 3627 quem
737 3565 886 3608 rourmus
906 3543 1038 3629 perdere
1056 3545 1166 3614 voluit.

176 3792 197 3859 ¹]
214 3795 288 3856 Quae
311 3794 404 3844 suerint
427 3794 473 3843 ills
489 3796 613 3859 praemia,
633 3795 730 3855 nescio,
749 3794 792 3844 sed
809 3794 884 3844 eredo
903 3799 970 3844 recte
988 3809 1029 3845 me
1046 3795 1131 3846 vidore
1148 3797 1170 3846 si

143 3880 249 3944 uagitum
276 3880 352 3930 fuisse
377 3880 561 3930 aecusatoribus
586 3895 731 3932 conoessum
754 3887 782 3930 ut
805 3880 964 3943 magistratus
988 3880 1094 3930 maiores
1111 3887 1170 3933 ante

143 3979 238 4014 annum
256 3980 328 4013 suum
346 3971 472 4028 caperent.

181 4045 201 4110 ²)
220 4049 378 4098 Boucunuu.
397 4063 430 4113 op
449 4048 467 4097 l.
485 4063 509 4112 p.
529 4053 587 4097 411.

179 4127 202 4196 ³)
219 4130 300 4183 Puer.
312 4133 407 4198 ,Pomp
427 4137 468 4183 55.
