2910 4950
704 388 766 452 106

217 593 312 675 ‚,sul,
352 591 403 658 vel
436 593 511 659 civis
544 614 644 680 quum
664 582 803 680 'semper
838 601 906 657 turn
940 603 1010 680 post
1044 597 1244 668 consulatum

215 704 302 788 „fuit
320 704 382 794 ¹).”

258 815 404 881 Alterum
427 840 467 881 ex
488 815 618 881 historia
639 817 800 903 proferam
827 828 1054 905 argumentum
1078 843 1142 907 quo
1164 847 1243 910 per-

213 928 290 1014 spici
312 929 420 1014 possit,
446 950 542 1014 quam
560 929 599 993 sit
616 928 672 993 illa
694 929 892 994 ratiocinatio
911 928 999 997 salsa.
1031 932 1140 1013 Quum
1157 937 1244 1003 enim

214 1063 342 1107 unauna
371 1040 507 1105 ambitus
528 1040 683 1129 agebatur
707 1064 821 1107 reusa
848 1063 962 1107 sanvro
985 1064 1129 1109 snsrrcro
1153 1068 1242 1114 orca

211 1175 306 1218 nonis
329 1152 467 1217 defensio
485 1151 545 1218 hoc
564 1164 754 1241 argumento
773 1153 838 1219 fere
855 1153 922 1222 solo
941 1154 1113 1221 nitebatur:
1134 1182 1243 1239 „com-

212 1265 345 1348 „munis
367 1265 515 1330 interesse
537 1265 646 1331 salutis
669 1278 704 1332 ut
728 1266 791 1332 duo
813 1278 916 1331 essent
938 1268 1083 1334 consules
1106 1270 1139 1335 in
1158 1274 1240 1360 Rep.

211 1376 312 1460 „leat
337 1376 512 1442 ianuariis’'
539 1377 581 1465 2).
632 1378 780 1446 Attamen
803 1402 930 1444 snuvrus
953 1402 1108 1445 sosarmus
1131 1385 1242 1468 repul·

210 1512 278 1557 sam
302 1490 391 1569 tulit,
422 1489 569 1576 idemque
591 1492 766 1572 accusavit3
796 1490 850 1556 sed
872 1491 984 1557 consul
1006 1515 1071 1557 non
1094 1504 1174 1558 esset
1192 1494 1243 1560 sa-

211 1612 280 1667 ctus
312 1600 429 1667 idcirco
463 1601 548 1688 quod
582 1626 737 1668 uuusnau
772 1602 1010 1669 condemnasset
1034 1602 1074 1692 3).
1131 1606 1243 1693 Inepte

210 1714 295 1778 enirn
318 1723 396 1779 tunc
426 1721 492 1778 tota
521 1737 628 1780 runnu
653 1715 793 1780 defensio
819 1715 875 1781 illa
905 1715 1014 1780 fuisset
1044 1717 1242 1803 [pracsertim

210 1848 310 1913 quum
334 1826 399 1913 ipse
421 1825 453 1891 in
476 1827 639 1912 petitione,
664 1850 852 1894 semmuro
872 1851 936 1893 non
958 1851 1106 1893 uuusran
1123 1828 1242 1897 adfuis-

209 1939 267 2027 set]
290 1939 330 2028 ⁴).
377 1939 487 2004 Conati
510 1949 584 2005 sunt
604 1963 700 2007 susm
722 1951 754 2005 et
771 1962 949 2006 suraosrus
965 1941 1115 2006 amissum
1134 1940 1239 2008 hono-

209 2073 277 2116 rem
308 2051 339 2114 ri
369 2060 401 2116 et
427 2050 544 2117 insidiis
567 2075 756 2139 recuperare
782 2062 819 2117 ut
841 2062 951 2117 narrat
974 2075 1028 2118 nro
1052 2075 1170 2119 oassrns
1190 2055 1238 2142 5);

209 2159 367 2233 Πούπλιός
399 2184 435 2226 τε
468 2160 530 2243 γὰρ
562 2171 681 2234 Παῖτος
711 2148 764 2228 itai
795 2164 955 2244 Κορνήλιος
986 2163 1117 2235 Σύλλας
1145 2165 1242 2229 ἀδελ-

208 2273 319 2356 φιδοῦς
341 2272 455 2337 ἐκείνου
480 2279 535 2338 τοῦ
559 2272 643 2339 πάνυ
660 2274 787 2339 Σύλλου
806 2272 921 2339 iiaarei
942 2299 978 2338 re
999 2275 1241 2355 ἀποδειχθέντες

210 2387 263 2453 axi
290 2387 447 2463 δεκασμοῦ
468 2383 597 2457 ἁλόντες
617 2385 853 2463 ἐπεβούλευσαν
869 2385 940 2456 τοὺς
956 2387 1240 2466 κκτηγορήσαιντκς

209 2503 298 2579 σφῶν
332 2496 455 2561 Κότταν
484 2496 537 2561 καὶ
573 2494 767 2576 Tepaouairoa
793 2494 961 2570 Aevxiovr,
987 2495 1094 2569 ἄλλως
1123 2522 1159 2562 rs
1186 2498 1240 2563 καὶ

211 2610 317 2684 ἐπειδὴ
344 2607 432 2673 αὐτοὶ
457 2608 661 2690 dadnpidaoav
684 2610 869 2675 ἀποκτεῖναι
895 2608 940 2696 ⁶),

255 2723 359 2804 Quam
391 2720 530 2786 faustum
562 2721 657 2786 fuerit
686 2720 775 2806 Reip.
806 2724 899 2786 Rom.
925 2730 961 2785 ut
984 2720 1031 2785 illi
1054 2720 1093 2785 ab
1116 2719 1238 2786 honore

210 2834 393 2901 consulatus
420 2843 605 2898 arcerentur
634 2856 699 2898 non
730 2843 776 2897 est
803 2832 888 2919 quod
911 2832 1028 2911 dicam,
1053 2835 1238 2919 praesertim

211 2948 244 3013 in
274 2945 335 3012 illis
364 2946 455 3032 Reip.
485 2945 603 3026 turbis,
628 2968 729 3032 quum
752 2944 882 3031 insuper
906 2956 1041 3031 uterque
1064 2955 1095 3009 et
1118 2946 1240 3031 praeci-

210 3082 273 3146 pue
292 3079 470 3124 surnonrus
494 3080 558 3122 non
581 3067 705 3123 careret
726 3057 910 3142 suspicionis
927 3056 1153 3121 coniurationis
1175 3056 1238 3123 Ca-

243 3270 264 3336 1)
282 3272 338 3336 [Ex
358 3272 407 3320 hoc
428 3270 483 3319 loco
506 3270 565 3318 satis
588 3275 705 3333 apparet,
728 3269 810 3333 ipsum
828 3270 879 3318 iarn
897 3280 1030 3317 nsconrsu
1046 3266 1094 3328 bac
1112 3266 1139 3314 in
1153 3281 1182 3317 ro
1201 3283 1239 3319 er·

209 3368 291 3416 rasae,
309 3369 388 3419 quum
404 3355 522 3403 scriberet
539 3370 563 3418 p.
581 3369 676 3404 onnus.
698 3356 743 3404 74:
764 3368 808 3404 ur.
826 3365 934 3401 sunnin
949 3357 974 3399 ot
988 3363 1143 3399 amomum
1161 3353 1238 3416 signi

208 3443 280 3498 fleat,
306 3454 413 3503 quornm
438 3439 546 3489 alterum
572 3455 597 3489 n.
627 3453 724 3499 corno,
747 3440 854 3489 alterurn
881 3451 906 3485 n.
929 3448 1096 3497 renovante,
1127 3440 1237 3489 ambitus

208 3526 359 3575 damnarant
385 3532 410 3574 et
432 3525 459 3574 in
484 3540 571 3575 eorum
597 3526 680 3576 iocum
705 3526 782 3575 creati
804 3523 897 3586 erant]

243 3606 625 3675 1)Οῑο.ρ.1)1ιπ.9ξ4.37
648 3612 662 3673 ξ
682 3612 722 3659 ta.

243 3690 264 3760 ³)
281 3695 451 3744 Luculentum
474 3696 550 3745 etiarn
568 3701 745 3759 argumentum
762 3692 843 3743 estin
861 3690 972 3742 ciusdem
988 3696 1051 3742 orat.
1071 3693 1101 3756 ξς
1120 3696 1168 3755 82,
1188 3700 1239 3755 83,

210 3787 251 3832 84.
287 3781 341 3832 Cre.
360 3780 478 3829 aanm.
497 3782 574 3831 vm.
594 3786 617 3830 4.

242 3862 263 3931 ⁴)
282 3865 349 3930 [Cro.
368 3881 392 3929 p.
410 3865 478 3914 Mur.
498 3870 511 3912 4
533 3865 547 3926 ξ
566 3868 581 3912 8
599 3860 760 3926 menapios]

243 3948 263 4016 5)
281 3951 333 3999 Ι)ιο
351 3962 454 3999 cassius
472 3947 603 3998 XXXVI.
623 3951 664 3996 27.
700 3946 741 3994 Ex
759 3958 810 4009 qno
828 3943 883 3993 loco
899 3951 1002 4011 apparet
1015 3957 1119 3995 aronam
1133 3959 1233 4011 quoquo

209 4048 303 4085 enasse
321 4035 348 4083 iu
365 4040 436 4097 patra
453 4039 478 4081 ot
494 4032 547 4080 filio
563 4043 707 4088 nonensem
724 4029 913 4080 confundendis.

244 4117 264 4183 6)
282 4118 325 4170 Sic
342 4118 418 4169 otiam
435 4127 544 4168 comme
560 4116 593 4166 ad
609 4128 683 4167 sam.
698 4114 766 4167 Bell.
783 4114 839 4167 Cat.
860 4118 898 4163 18.
