2910 4950
759 368 823 433 aaa

275 575 413 643 multum
444 573 543 639 valuit
570 574 602 638 in
633 594 700 657 rep.
731 582 763 637 et
784 571 839 656 qui
861 571 948 637 solua
969 571 1035 637 fere
1057 571 1223 658 probibere
1244 596 1301 661 po-

275 689 384 753 tuisset
425 710 465 752 ne
506 683 626 751 bellum
656 682 747 749 civile
788 681 926 749 oriretur
958 685 1041 749 inter
1076 706 1238 750 nonnarum
1271 697 1304 752 et

274 822 439 867 eamearn
466 796 510 884 ¹),
542 796 725 882 praesertim
754 817 827 860 cum
852 794 1035 874 vinculum,
1064 818 1129 882 quo
1152 818 1302 864 romarus

275 922 345 977 erat
367 933 440 976 cum
461 930 600 975 caesana
618 908 777 984 iunctum,
803 907 1040 974 matrimonium
1064 931 1187 987 runmr,
1207 910 1303 977 huius

274 1033 376 1089 morte
407 1034 538 1108 ruptum
569 1030 656 1086 esset.
704 1020 795 1102 Quae
820 1019 902 1084 duae
925 1042 1052 1085 caussae
1076 1021 1178 1087 multo
1212 1022 1303 1090 citius

275 1157 371 1221 quam
392 1135 575 1220 ceteroquin
595 1132 713 1198 factum
733 1142 826 1210 esset,
851 1131 952 1197 facem
968 1131 1044 1198 belli
1068 1134 1167 1200 civilis
1185 1156 1303 1202 accen-

274 1247 399 1313 derunt.
427 1249 455 1333 ²)
779 1311 782 1313 ,

318 1359 463 1424 Ambitus
486 1356 725 1424 candidatorum
749 1355 934 1422 consulatus
957 1357 989 1421 in
1013 1378 1042 1422 a.
1068 1379 1099 1423 u.
1122 1380 1149 1424 c.
1172 1359 1246 1425 702.
1271 1381 1300 1425 a.

274 1472 307 1537 G.
328 1471 370 1536 52
390 1479 459 1535 erat
478 1470 634 1536 immanis.
669 1466 833 1533 Candidati
853 1467 1035 1533 consulatus
1059 1469 1146 1557 (nam
1165 1469 1198 1534 in
1216 1470 1304 1538 illius

274 1581 403 1648 honoris
430 1581 578 1667 petitione
608 1580 740 1666 pessime
767 1579 1022 1646 committebatur
1044 1579 1192 1669 ambitus)
1217 1582 1249 1646 ri
1271 1593 1304 1648 et

198 1756 203 1765 ,
275 1694 371 1759 armis
405 1692 558 1778 suffragia
592 1691 649 1755 sibi
683 1712 868 1775 comparare
905 1690 1081 1759 studebant.
1139 1691 1303 1758 Petierunt

275 1826 536 1881 n.am‹1usnrn0,
554 1827 581 1868 r.
595 1824 746 1868 ensurius
758 1825 928 1882 narsaeus,
941 1827 971 1880 o.
986 1827 1145 1869 nannenus
1155 1825 1255 1869 sonno
1269 1803 1298 1892 ³)

276 1916 490 1994 consulatum,
501 1939 564 1980 non
576 1914 679 1980 solum
689 1913 856 2002 largitione
868 1915 972 2000 palam
986 1915 1128 2001 profusa,
1142 1904 1302 1981 sedetiam

276 2028 462 2096 factionibus
480 2038 677 2093 armatorum
697 2027 847 2091 succincti
867 2029 906 2114 ⁴).
941 2029 978 2091 In
998 2050 1071 2092 eum
1088 2049 1209 2092 annum
1226 2051 1302 2095 nto·

276 2163 345 2207 orus
368 2140 493 2228 petebat
515 2149 706 2225 praeturam.
721 2212 725 2222 .
743 2137 858 2204 Omnia
881 2160 962 2224 quae
986 2139 1018 2203 in
1041 2139 1078 2204 iis
1100 2141 1303 2225 petitionibus

276 2264 346 2320 acta
368 2263 442 2320 sunt
463 2261 668 2336 exponuntur
687 2250 727 2315 ab
750 2273 882 2317 asnonio
904 2261 937 2315 et
959 2252 991 2317 in
1016 2273 1129 2316 causae
1151 2250 1300 2318 dictioni-

273 2367 332 2433 bus
355 2366 477 2451 saepius
499 2374 595 2429 erunt
617 2362 803 2448 repetendae
825 2363 866 2451 ὅ).
913 2364 958 2427 De
976 2361 1024 2428 his
1044 2364 1238 2449 temporibus
1256 2366 1302 2430 sic

273 2477 378 2546 scribit
401 2500 547 2542 vastatus
570 2497 770 2540 sarracenus
791 2473 837 2562 ⁰):
863 2485 959 2555 „tum
982 2476 1013 2540 in
1034 2474 1156 2562 gladios
1174 2476 1299 2541 caedes-

272 2610 363 2674 „qua
386 2586 501 2650 civium
525 2584 649 2650 furente
672 2583 807 2662 ambitu,
832 2585 922 2649 cuius
945 2608 1048 2670 neque
1070 2585 1140 2652 finis
1162 2587 1297 2672 reperie-
1334 2659 1336 2664 ,

273 2698 395 2781 „batur
412 2720 472 2762 nec
491 2695 616 2775 modus,
641 2697 751 2761 tertius
770 2696 951 2762 consulatus
966 2696 1023 2761 soli
1040 2719 1090 2764 cn.
1105 2719 1241 2764 roureto
1252 2738 1298 2749 —

273 2809 423 2892 „delatus
441 2820 497 2874 est.
520 2847 565 2859 —
588 2810 662 2873 Eius
684 2809 866 2873 consulatus
889 2831 1016 2873 omnem
1040 2809 1104 2874 vim
1123 2811 1156 2875 in
1180 2811 1298 2876 coerci-
1336 2884 1339 2889 ,

273 2924 418 3007 „tionem
448 2922 583 2987 ambitus
609 2920 782 2987 exercuit.’'
829 2922 866 2984 ln
894 2922 987 2986 tantis
1017 2921 1117 2987 turbis
1148 2945 1300 2988 nourrius

272 3034 483 3122 proconsule
507 3033 546 3098 ad
571 3034 684 3098 urbem
708 3032 851 3098 veniebat
866 3033 893 3122 ⁷)
920 3056 1020 3119 quum
1043 3035 1152 3100 Sctum
1177 3035 1298 3102 factum

273 3160 319 3213 est
341 3158 377 3212 ut
399 3148 538 3211 interrex
557 3157 588 3210 et
607 3156 645 3211 tr.
666 3143 709 3230 pl.
730 3154 761 3209 et
781 3167 932 3210 ranerius
948 3145 1107 3226 viderent3
1133 3146 1298 3232 „nequid

273 3257 480 3342 „detrimenti
502 3259 595 3344 Resp.
620 3256 778 3342 caperet.”
826 3258 906 3322 Nam
932 3255 1049 3322 fiebant
1078 3256 1135 3322 illo
1156 3269 1299 3346 tempore

308 3469 328 3536 ¹)
346 3472 508 3519 annurou
527 3471 584 3520 Lite
602 3472 630 3521 of
645 3485 738 3522 cacano
756 3474 777 3522 I.
799 3489 824 3538 p.
842 3479 901 3523 424.

307 3549 582 3617 ²)M1nunarorLife
600 3557 629 3606 os
642 3570 737 3607 e1crrao
754 3558 776 3607 1.
796 3562 844 3607 417
864 3573 901 3622 sq.
921 3562 986 3616 424,
1005 3564 1065 3609 443.

308 3635 328 3705 ³)
345 3640 412 3689 Vide
433 3653 511 3688 cnara
534 3655 559 3690 r.
577 3655 665 3690 nonan
687 3642 752 3691 Diss.
773 3643 846 3691 iurid.
871 3643 955 3704 inaug.
980 3644 1011 3692 do
1030 3647 1299 3697 cu.1>ouraloctda

272 3724 370 3787 legibus
387 3725 420 3772 ab
437 3739 467 3774 eo
485 3725 541 3775 latis
558 3727 589 3774 L.
600 3728 631 3775 B.
654 3731 727 3775 1823.
749 3728 763 3789 §
784 3731 824 3775 15.
842 3741 866 3789 p.
886 3731 918 3775 48
937 3741 973 3791 sq.

307 3806 328 3872 ⁴)
347 3810 409 3859 Asc.
426 3811 451 3859 in
470 3811 527 3860 Mil.
546 3827 570 3874 p.
589 3826 631 3860 on.
651 3817 693 3860 at.

307 3890 327 3959 ⁸)
346 3895 410 3944 Asc.
428 3895 445 3943 1.
465 3895 482 3944 1.
501 3904 526 3945 et
543 3911 566 3959 p.
586 3902 628 3945 sa.
647 3900 688 3946 aa.

307 3974 327 4042 ὓ)
345 3981 431 4029 Vua.
449 3994 508 4030 rar.
527 3980 563 4028 11.
583 3984 624 4030 47.
1091 4028 1097 4048 ,

308 4059 328 4124 ⁷)
347 4062 410 4112 Asc.
430 4063 456 4111 in
474 4063 531 4112 Mil.
550 4078 573 4126 p.
593 4078 635 4113 oa
655 4069 697 4114 35.
734 4064 786 4116 Dru
805 4078 906 4117 casana
924 4065 982 4119 XL.
1001 4071 1042 4117 50.
