<?xml version="1.0" encoding="UTF-8"?>
<!DOCTYPE html PUBLIC "-//W3C//DTD XHTML 1.0 Transitional//EN"
    "http://www.w3.org/TR/xhtml1/DTD/xhtml1-transitional.dtd">
<html xmlns="http://www.w3.org/1999/xhtml" xml:lang="en" lang="en">
 <head>
  <title>
</title>
<meta http-equiv="Content-Type" content="text/html;charset=utf-8" />
  <meta name='ocr-system' content='tesseract 3.04.00' />
  <meta name='ocr-capabilities' content='ocr_page ocr_carea ocr_par ocr_line ocrx_word'/>
</head>
<body>
  <div class='ocr_page' id='page_1' title='image "./disputatiodecri00rinkgoog_0158.png"; bbox 0 0 2910 4950; ppageno 0'>
   <div class='ocr_carea' id='block_1_1' title="bbox 608 392 672 458">
    <p class='ocr_par' dir='ltr' id='par_1_1' title="bbox 608 392 672 458">
     <span class='ocr_line' id='line_1_1' title="bbox 608 392 672 458; baseline 0.031 -2"><span class='ocrx_word' id='word_1_1' title='bbox 608 392 672 458; x_wconf 82' lang='lat'>143</span> 
     </span>
    </p>
   </div>
   <div class='ocr_carea' id='block_1_2' title="bbox 126 598 1159 2475">
    <p class='ocr_par' dir='ltr' id='par_1_2' title="bbox 126 598 1157 1246">
     <span class='ocr_line' id='line_1_2' title="bbox 127 598 1155 690; baseline 0 -20"><span class='ocrx_word' id='word_1_2' title='bbox 127 602 234 670; x_wconf 77' lang='lat' dir='ltr'><strong>scribit</strong></span> <span class='ocrx_word' id='word_1_3' title='bbox 255 601 360 690; x_wconf 81' lang='lat' dir='ltr'>legem</span> <span class='ocrx_word' id='word_1_4' title='bbox 382 621 448 666; x_wconf 83' lang='lat' dir='ltr'>esse</span> <span class='ocrx_word' id='word_1_5' title='bbox 470 599 568 665; x_wconf 84' lang='lat' dir='ltr'>latam</span> <span class='ocrx_word' id='word_1_6' title='bbox 591 598 631 666; x_wconf 83' lang='lat' dir='ltr'>de</span> <span class='ocrx_word' id='word_1_7' title='bbox 651 600 767 665; x_wconf 79' lang='lat' dir='ltr'>ambita</span> <span class='ocrx_word' id='word_1_8' title='bbox 788 621 807 665; x_wconf 87' lang='lat' dir='ltr'>a</span> <span class='ocrx_word' id='word_1_9' title='bbox 829 622 965 669; x_wconf 75' lang='lat' dir='ltr'>rourum</span> <span class='ocrx_word' id='word_1_10' title='bbox 988 612 1020 670; x_wconf 91' lang='lat' dir='ltr'>et</span> <span class='ocrx_word' id='word_1_11' title='bbox 1038 624 1155 669; x_wconf 78' lang='lat' dir='ltr'>csssso</span> 
     </span>
     <span class='ocr_line' id='line_1_3' title="bbox 127 711 1155 803; baseline 0.002 -24"><span class='ocrx_word' id='word_1_12' title='bbox 127 737 192 802; x_wconf 91' lang='lat' dir='ltr'>qua</span> <span class='ocrx_word' id='word_1_13' title='bbox 213 715 397 803; x_wconf 81' lang='lat' dir='ltr'><strong>largitiones</strong></span> <span class='ocrx_word' id='word_1_14' title='bbox 421 721 642 778; x_wconf 84' lang='lat' dir='ltr'>coercerentur</span> <span class='ocrx_word' id='word_1_15' title='bbox 663 712 712 778; x_wconf 90' lang='lat' dir='ltr'>his</span> <span class='ocrx_word' id='word_1_16' title='bbox 730 713 832 779; x_wconf 83' lang='lat' dir='ltr'>verbis</span> <span class='ocrx_word' id='word_1_17' title='bbox 848 715 894 802; x_wconf 75' lang='lat'>⁸):</span> <span class='ocrx_word' id='word_1_18' title='bbox 918 714 1080 781; x_wconf 70' lang='grc' dir='ltr'><em>ταῦτάτε</em></span> <span class='ocrx_word' id='word_1_19' title='bbox 1105 711 1155 781; x_wconf 79' lang='grc' dir='ltr'>οὖν</span> 
     </span>
     <span class='ocr_line' id='line_1_4' title="bbox 127 825 1156 908; baseline 0 -16"><span class='ocrx_word' id='word_1_20' title='bbox 127 829 293 908; x_wconf 68' lang='grc' dir='ltr'><em>κυρωθῆναι</em></span> <span class='ocrx_word' id='word_1_21' title='bbox 323 825 471 900; x_wconf 76' lang='grc' dir='ltr'>ἐποίησαν</span> <span class='ocrx_word' id='word_1_22' title='bbox 501 826 553 890; x_wconf 76' lang='grc' dir='ltr'>καὶ</span> <span class='ocrx_word' id='word_1_23' title='bbox 585 825 671 904; x_wconf 74' lang='grc' dir='ltr'>μετα</span> <span class='ocrx_word' id='word_1_24' title='bbox 697 830 788 891; x_wconf 80' lang='grc' dir='ltr'><em>τοῦτο</em></span> <span class='ocrx_word' id='word_1_25' title='bbox 819 826 985 908; x_wconf 72' lang='grc' dir='ltr'>πικρότεροι</span> <span class='ocrx_word' id='word_1_26' title='bbox 1010 827 1156 905; x_wconf 78' lang='grc' dir='ltr'><em>ἐπιτίμια</em></span> 
     </span>
     <span class='ocr_line' id='line_1_5' title="bbox 127 936 1156 1027; baseline -0.002 -22"><span class='ocrx_word' id='word_1_27' title='bbox 127 949 191 1013; x_wconf 77' lang='grc' dir='ltr'>τοῖς</span> <span class='ocrx_word' id='word_1_28' title='bbox 215 937 376 1021; x_wconf 68' lang='grc' dir='ltr'><em>δικάζουσι</em></span> <span class='ocrx_word' id='word_1_29' title='bbox 391 938 419 1027; x_wconf 78' lang='lat'>²)</span> <span class='ocrx_word' id='word_1_30' title='bbox 445 940 532 1012; x_wconf 71' lang='grc' dir='ltr'><em>τινας</em></span> <span class='ocrx_word' id='word_1_31' title='bbox 554 938 727 1017; x_wconf 78' lang='grc' dir='ltr'><em>ἐπέταξαν·</em></span> <span class='ocrx_word' id='word_1_32' title='bbox 755 936 855 1020; x_wconf 75' lang='grc' dir='ltr'><em>ὥσπερ</em></span> <span class='ocrx_word' id='word_1_33' title='bbox 878 962 924 1005; x_wconf 76' lang='grc' dir='ltr'><em>τοι</em></span> <span class='ocrx_word' id='word_1_34' title='bbox 947 939 1034 1004; x_wconf 76' lang='grc' dir='ltr'><em>αὐτοὶ</em></span> <span class='ocrx_word' id='word_1_35' title='bbox 1060 938 1156 1003; x_wconf 78' lang='grc' dir='ltr'><em>ἔλατ-</em></span> 
     </span>
     <span class='ocr_line' id='line_1_6' title="bbox 126 1049 1157 1144; baseline -0.003 -27"><span class='ocrx_word' id='word_1_36' title='bbox 126 1076 178 1117; x_wconf 81' lang='grc' dir='ltr'>τον</span> <span class='ocrx_word' id='word_1_37' title='bbox 211 1049 257 1117; x_wconf 75' lang='grc' dir='ltr'><em>ὅτι</em></span> <span class='ocrx_word' id='word_1_38' title='bbox 292 1055 325 1117; x_wconf 85' lang='grc' dir='ltr'>οὐ</span> <span class='ocrx_word' id='word_1_39' title='bbox 359 1052 521 1132; x_wconf 74' lang='grc' dir='ltr'><em>χρήμασιν</em></span> <span class='ocrx_word' id='word_1_40' title='bbox 549 1051 639 1116; x_wconf 71' lang='grc' dir='ltr'>ἀλλὰ</span> <span class='ocrx_word' id='word_1_41' title='bbox 668 1051 728 1134; x_wconf 79' lang='grc' dir='ltr'><em>βίιρ</em></span> <span class='ocrx_word' id='word_1_42' title='bbox 751 1053 808 1127; x_wconf 69' lang='grc' dir='ltr'>τὴν</span> <span class='ocrx_word' id='word_1_43' title='bbox 836 1052 939 1144; x_wconf 69' lang='grc' dir='ltr'><em>ᾆρχῆν</em></span> <span class='ocrx_word' id='word_1_44' title='bbox 965 1053 1157 1134; x_wconf 72' lang='grc' dir='ltr'><em>εἰλήφεσαν,</em></span> 
     </span>
     <span class='ocr_line' id='line_1_7' title="bbox 126 1164 334 1246; baseline 0 -18"><span class='ocrx_word' id='word_1_45' title='bbox 126 1164 334 1246; x_wconf 69' lang='grc' dir='ltr'>ἁμαρτόντες.</span> 
     </span>
    </p>

    <p class='ocr_par' dir='ltr' id='par_1_3' title="bbox 128 1273 1159 2475">
     <span class='ocr_line' id='line_1_8' title="bbox 172 1273 1157 1342; baseline 0 -3"><span class='ocrx_word' id='word_1_46' title='bbox 172 1278 210 1340; x_wconf 85' lang='lat' dir='ltr'>In</span> <span class='ocrx_word' id='word_1_47' title='bbox 240 1299 279 1340; x_wconf 91' lang='lat' dir='ltr'>eo</span> <span class='ocrx_word' id='word_1_48' title='bbox 308 1276 379 1342; x_wconf 90' lang='lat' dir='ltr'>loco</span> <span class='ocrx_word' id='word_1_49' title='bbox 410 1298 514 1342; x_wconf 85' lang='lat' dir='ltr'>sermo</span> <span class='ocrx_word' id='word_1_50' title='bbox 543 1299 608 1342; x_wconf 91' lang='lat' dir='ltr'>non</span> <span class='ocrx_word' id='word_1_51' title='bbox 639 1284 686 1340; x_wconf 91' lang='lat' dir='ltr'>est</span> <span class='ocrx_word' id='word_1_52' title='bbox 713 1275 773 1339; x_wconf 88' lang='lat' dir='ltr'>nisi</span> <span class='ocrx_word' id='word_1_53' title='bbox 802 1274 842 1338; x_wconf 87' lang='lat' dir='ltr'>de</span> <span class='ocrx_word' id='word_1_54' title='bbox 871 1273 993 1339; x_wconf 81' lang='lat' dir='ltr'>ambitu</span> <span class='ocrx_word' id='word_1_55' title='bbox 1021 1274 1102 1340; x_wconf 87' lang='lat' dir='ltr'>sicut</span> <span class='ocrx_word' id='word_1_56' title='bbox 1123 1274 1157 1339; x_wconf 89' lang='lat' dir='ltr'>in</span> 
     </span>
     <span class='ocr_line' id='line_1_9' title="bbox 128 1373 1158 1474; baseline -0.003 -20"><span class='ocrx_word' id='word_1_57' title='bbox 128 1389 239 1454; x_wconf 79' lang='lat' dir='ltr'>&#39;ceteris</span> <span class='ocrx_word' id='word_1_58' title='bbox 268 1386 307 1452; x_wconf 88' lang='lat' dir='ltr'>de</span> <span class='ocrx_word' id='word_1_59' title='bbox 335 1386 396 1452; x_wconf 91' lang='lat' dir='ltr'>hoc</span> <span class='ocrx_word' id='word_1_60' title='bbox 425 1389 558 1453; x_wconf 89' lang='lat' dir='ltr'>crimine</span> <span class='ocrx_word' id='word_1_61' title='bbox 588 1386 720 1474; x_wconf 83' lang='lat' dir='ltr'>legibus.</span> <span class='ocrx_word' id='word_1_62' title='bbox 766 1373 829 1450; x_wconf 83' lang='lat' dir='ltr'>Res</span> <span class='ocrx_word' id='word_1_63' title='bbox 856 1386 956 1472; x_wconf 87' lang='lat' dir='ltr'>igitur</span> <span class='ocrx_word' id='word_1_64' title='bbox 984 1407 1089 1471; x_wconf 86' lang='lat' dir='ltr'>neque</span> <span class='ocrx_word' id='word_1_65' title='bbox 1118 1407 1158 1451; x_wconf 86' lang='lat' dir='ltr'>cx</span> 
     </span>
     <span class='ocr_line' id='line_1_10' title="bbox 129 1496 1159 1586; baseline -0.002 -23"><span class='ocrx_word' id='word_1_66' title='bbox 129 1521 225 1563; x_wconf 80' lang='lat' dir='ltr'>monn</span> <span class='ocrx_word' id='word_1_67' title='bbox 255 1509 357 1585; x_wconf 89' lang='lat' dir='ltr'>potest</span> <span class='ocrx_word' id='word_1_68' title='bbox 379 1501 527 1586; x_wconf 86' lang='lat' dir='ltr'>cognosci</span> <span class='ocrx_word' id='word_1_69' title='bbox 551 1521 626 1563; x_wconf 89' lang='lat' dir='ltr'>nam</span> <span class='ocrx_word' id='word_1_70' title='bbox 658 1497 744 1583; x_wconf 92' lang='lat' dir='ltr'>quod</span> <span class='ocrx_word' id='word_1_71' title='bbox 766 1496 838 1562; x_wconf 86' lang='lat' dir='ltr'>inda</span> <span class='ocrx_word' id='word_1_72' title='bbox 860 1497 985 1562; x_wconf 90' lang='lat' dir='ltr'>conficit</span> <span class='ocrx_word' id='word_1_73' title='bbox 1007 1518 1159 1562; x_wconf 80' lang='lat' dir='ltr'>nouussn</span> 
     </span>
     <span class='ocr_line' id='line_1_11' title="bbox 128 1605 1159 1695; baseline -0.001 -21"><span class='ocrx_word' id='word_1_74' title='bbox 128 1632 168 1675; x_wconf 85' lang='lat' dir='ltr'>ex</span> <span class='ocrx_word' id='word_1_75' title='bbox 198 1610 391 1695; x_wconf 87' lang='lat' dir='ltr'>oppositione</span> <span class='ocrx_word' id='word_1_76' title='bbox 421 1631 508 1675; x_wconf 88' lang='lat' dir='ltr'>voco.</span> <span class='ocrx_word' id='word_1_77' title='bbox 537 1610 683 1690; x_wconf 78' lang='grc' dir='ltr'><em>χρήμασι</em></span> <span class='ocrx_word' id='word_1_78' title='bbox 716 1617 748 1672; x_wconf 85' lang='lat' dir='ltr'>et</span> <span class='ocrx_word' id='word_1_79' title='bbox 768 1606 828 1689; x_wconf 76' lang='grc' dir='ltr'>βία</span> <span class='ocrx_word' id='word_1_80' title='bbox 852 1605 879 1694; x_wconf 79' lang='lat'>⁸)</span> <span class='ocrx_word' id='word_1_81' title='bbox 906 1607 938 1670; x_wconf 94' lang='lat' dir='ltr'>in</span> <span class='ocrx_word' id='word_1_82' title='bbox 961 1606 1159 1673; x_wconf 86' lang='lat' dir='ltr'>sodaliciario</span> 
     </span>
     <span class='ocr_line' id='line_1_12' title="bbox 128 1717 1158 1808; baseline -0.001 -22"><span class='ocrx_word' id='word_1_83' title='bbox 128 1721 248 1786; x_wconf 87' lang='lat' dir='ltr'>ambitu</span> <span class='ocrx_word' id='word_1_84' title='bbox 274 1723 391 1787; x_wconf 74' lang='lat' dir='ltr'>nullom</span> <span class='ocrx_word' id='word_1_85' title='bbox 419 1723 481 1786; x_wconf 81' lang='lat' dir='ltr'>vim</span> <span class='ocrx_word' id='word_1_86' title='bbox 499 1720 599 1808; x_wconf 80' lang='lat' dir='ltr'>faisse</span> <span class='ocrx_word' id='word_1_87' title='bbox 622 1741 791 1807; x_wconf 85' lang='lat' dir='ltr'>apparere,</span> <span class='ocrx_word' id='word_1_88' title='bbox 816 1717 984 1805; x_wconf 84' lang='lat' dir='ltr'>legemque</span> <span class='ocrx_word' id='word_1_89' title='bbox 1005 1719 1158 1785; x_wconf 80' lang='lat' dir='ltr'>Liciniam</span> 
     </span>
     <span class='ocr_line' id='line_1_13' title="bbox 129 1828 1156 1919; baseline -0.003 -22"><span class='ocrx_word' id='word_1_90' title='bbox 129 1834 274 1898; x_wconf 76' lang='lat' dir='ltr'>ambitum</span> <span class='ocrx_word' id='word_1_91' title='bbox 308 1835 469 1919; x_wconf 68' lang='lat' dir='ltr'>turpitioae</span> <span class='ocrx_word' id='word_1_92' title='bbox 502 1833 705 1898; x_wconf 80' lang='lat' dir='ltr'>commissum·</span> <span class='ocrx_word' id='word_1_93' title='bbox 723 1831 863 1895; x_wconf 86' lang='lat' dir='ltr'>coerceri</span> <span class='ocrx_word' id='word_1_94' title='bbox 891 1828 1063 1894; x_wconf 88' lang='lat' dir='ltr'>ridiculum</span> <span class='ocrx_word' id='word_1_95' title='bbox 1094 1839 1156 1908; x_wconf 80' lang='lat' dir='ltr'>eat,</span> 
     </span>
     <span class='ocr_line' id='line_1_14' title="bbox 128 1939 1158 2029; baseline -0.006 -18"><span class='ocrx_word' id='word_1_96' title='bbox 128 1967 205 2011; x_wconf 82' lang='lat' dir='ltr'>nam</span> <span class='ocrx_word' id='word_1_97' title='bbox 234 1944 311 2029; x_wconf 89' lang='lat' dir='ltr'>quid</span> <span class='ocrx_word' id='word_1_98' title='bbox 339 1943 392 2009; x_wconf 86' lang='lat' dir='ltr'>lex</span> <span class='ocrx_word' id='word_1_99' title='bbox 418 1945 536 2009; x_wconf 88' lang='lat' dir='ltr'>Licinia</span> <span class='ocrx_word' id='word_1_100' title='bbox 562 1952 640 2008; x_wconf 89' lang='lat' dir='ltr'>tunc</span> <span class='ocrx_word' id='word_1_101' title='bbox 662 1940 749 2007; x_wconf 87' lang='lat' dir='ltr'>aliud</span> <span class='ocrx_word' id='word_1_102' title='bbox 771 1951 851 2005; x_wconf 86' lang='lat' dir='ltr'>esset</span> <span class='ocrx_word' id='word_1_103' title='bbox 872 1941 931 2004; x_wconf 89' lang='lat' dir='ltr'>nisi</span> <span class='ocrx_word' id='word_1_104' title='bbox 953 1940 1005 2006; x_wconf 87' lang='lat' dir='ltr'>lex</span> <span class='ocrx_word' id='word_1_105' title='bbox 1028 1939 1067 2005; x_wconf 91' lang='lat' dir='ltr'>de</span> <span class='ocrx_word' id='word_1_106' title='bbox 1090 1961 1158 2005; x_wconf 88' lang='lat' dir='ltr'>am-</span> 
     </span>
     <span class='ocr_line' id='line_1_15' title="bbox 128 2051 1157 2141; baseline -0.004 -20"><span class='ocrx_word' id='word_1_107' title='bbox 128 2055 212 2135; x_wconf 83' lang='lat' dir='ltr'>bitu,</span> <span class='ocrx_word' id='word_1_108' title='bbox 242 2078 347 2141; x_wconf 82' lang='lat' dir='ltr'>neque</span> <span class='ocrx_word' id='word_1_109' title='bbox 376 2077 432 2120; x_wconf 86' lang='lat' dir='ltr'>nro</span> <span class='ocrx_word' id='word_1_110' title='bbox 462 2054 501 2120; x_wconf 92' lang='lat' dir='ltr'>de</span> <span class='ocrx_word' id='word_1_111' title='bbox 531 2055 593 2119; x_wconf 85' lang='lat' dir='ltr'>alia</span> <span class='ocrx_word' id='word_1_112' title='bbox 623 2054 695 2140; x_wconf 86' lang='lat' dir='ltr'>lege</span> <span class='ocrx_word' id='word_1_113' title='bbox 723 2051 897 2137; x_wconf 86' lang='lat' dir='ltr'>quidquam</span> <span class='ocrx_word' id='word_1_114' title='bbox 920 2053 1001 2139; x_wconf 86' lang='lat' dir='ltr'>agit,</span> <span class='ocrx_word' id='word_1_115' title='bbox 1025 2074 1101 2117; x_wconf 86' lang='lat' dir='ltr'>nam</span> <span class='ocrx_word' id='word_1_116' title='bbox 1124 2054 1157 2118; x_wconf 91' lang='lat' dir='ltr'>in</span> 
     </span>
     <span class='ocr_line' id='line_1_16' title="bbox 130 2162 1155 2244; baseline -0.005 -11"><span class='ocrx_word' id='word_1_117' title='bbox 130 2177 197 2233; x_wconf 85' lang='lat' dir='ltr'>toto</span> <span class='ocrx_word' id='word_1_118' title='bbox 230 2165 286 2232; x_wconf 90' lang='lat' dir='ltr'>illo</span> <span class='ocrx_word' id='word_1_119' title='bbox 317 2166 387 2232; x_wconf 91' lang='lat' dir='ltr'>loco</span> <span class='ocrx_word' id='word_1_120' title='bbox 417 2188 521 2230; x_wconf 90' lang='lat' dir='ltr'>sermo</span> <span class='ocrx_word' id='word_1_121' title='bbox 551 2175 598 2230; x_wconf 86' lang='lat' dir='ltr'>est</span> <span class='ocrx_word' id='word_1_122' title='bbox 626 2164 665 2229; x_wconf 86' lang='lat' dir='ltr'>dc</span> <span class='ocrx_word' id='word_1_123' title='bbox 694 2163 815 2229; x_wconf 88' lang='lat' dir='ltr'>ambitu</span> <span class='ocrx_word' id='word_1_124' title='bbox 836 2186 901 2228; x_wconf 91' lang='lat' dir='ltr'>non</span> <span class='ocrx_word' id='word_1_125' title='bbox 923 2163 963 2228; x_wconf 92' lang='lat' dir='ltr'>de</span> <span class='ocrx_word' id='word_1_126' title='bbox 985 2162 1155 2244; x_wconf 83' lang='lat' dir='ltr'>sodaliciis3</span> 
     </span>
     <span class='ocr_line' id='line_1_17' title="bbox 130 2274 1159 2362; baseline -0.006 -18"><span class='ocrx_word' id='word_1_127' title='bbox 130 2277 286 2345; x_wconf 85' lang='lat' dir='ltr'>debebant</span> <span class='ocrx_word' id='word_1_128' title='bbox 308 2278 370 2343; x_wconf 87' lang='lat' dir='ltr'>alia</span> <span class='ocrx_word' id='word_1_129' title='bbox 393 2299 585 2343; x_wconf 88' lang='lat' dir='ltr'>concurrere</span> <span class='ocrx_word' id='word_1_130' title='bbox 600 2298 674 2342; x_wconf 90' lang='lat' dir='ltr'>cum</span> <span class='ocrx_word' id='word_1_131' title='bbox 691 2275 822 2342; x_wconf 84' lang='lat' dir='ltr'>crimine</span> <span class='ocrx_word' id='word_1_132' title='bbox 839 2274 974 2340; x_wconf 87' lang='lat' dir='ltr'>ambitus</span> <span class='ocrx_word' id='word_1_133' title='bbox 992 2275 1159 2362; x_wconf 87' lang='lat' dir='ltr'>largitione</span> 
     </span>
     <span class='ocr_line' id='line_1_18' title="bbox 132 2388 1159 2475; baseline -0.001 -21"><span class='ocrx_word' id='word_1_134' title='bbox 132 2390 289 2454; x_wconf 82' lang='lat' dir='ltr'>commissi</span> <span class='ocrx_word' id='word_1_135' title='bbox 310 2399 346 2453; x_wconf 88' lang='lat' dir='ltr'>ut</span> <span class='ocrx_word' id='word_1_136' title='bbox 365 2390 485 2455; x_wconf 87' lang='lat' dir='ltr'>crimen</span> <span class='ocrx_word' id='word_1_137' title='bbox 505 2389 725 2454; x_wconf 79' lang='lat' dir='ltr'>sodaliciorum</span> <span class='ocrx_word' id='word_1_138' title='bbox 747 2397 892 2472; x_wconf 82' lang='lat' dir='ltr'>exstaret.</span> <span class='ocrx_word' id='word_1_139' title='bbox 937 2388 1041 2475; x_wconf 84' lang='lat' dir='ltr'>Igitur</span> <span class='ocrx_word' id='word_1_140' title='bbox 1063 2409 1159 2473; x_wconf 84' lang='lat' dir='ltr'>prae-</span> 
     </span>
    </p>
   </div>
   <div class='ocr_carea' id='block_1_3' title="bbox 84 2500 1161 3146">
    <p class='ocr_par' dir='ltr' id='par_1_4' title="bbox 84 2500 1161 3146">
     <span class='ocr_line' id='line_1_19' title="bbox 130 2500 1159 2586; baseline -0.001 -20"><span class='ocrx_word' id='word_1_141' title='bbox 130 2509 181 2566; x_wconf 88' lang='lat' dir='ltr'>ter</span> <span class='ocrx_word' id='word_1_142' title='bbox 210 2523 392 2567; x_wconf 84' lang='lat' dir='ltr'>crosnonsn</span> <span class='ocrx_word' id='word_1_143' title='bbox 421 2500 454 2566; x_wconf 94' lang='lat' dir='ltr'>in</span> <span class='ocrx_word' id='word_1_144' title='bbox 484 2502 625 2567; x_wconf 86' lang='lat' dir='ltr'>oratione</span> <span class='ocrx_word' id='word_1_145' title='bbox 656 2522 714 2586; x_wconf 91' lang='lat' dir='ltr'>pro</span> <span class='ocrx_word' id='word_1_146' title='bbox 743 2522 879 2565; x_wconf 77' lang='lat' dir='ltr'>ransom</span> <span class='ocrx_word' id='word_1_147' title='bbox 908 2522 1003 2565; x_wconf 90' lang='lat' dir='ltr'>nemo</span> <span class='ocrx_word' id='word_1_148' title='bbox 1028 2501 1061 2563; x_wconf 89' lang='lat' dir='ltr'>in</span> <span class='ocrx_word' id='word_1_149' title='bbox 1081 2520 1159 2585; x_wconf 87' lang='lat' dir='ltr'>par-</span> 
     </span>
     <span class='ocr_line' id='line_1_20' title="bbox 130 2611 1160 2698; baseline -0.002 -20"><span class='ocrx_word' id='word_1_150' title='bbox 130 2622 177 2679; x_wconf 87' lang='lat' dir='ltr'>tes</span> <span class='ocrx_word' id='word_1_151' title='bbox 209 2614 373 2682; x_wconf 77' lang='lat' dir='ltr'>vocabitur</span> <span class='ocrx_word' id='word_1_152' title='bbox 406 2624 518 2680; x_wconf 87' lang='lat' dir='ltr'>auctor</span> <span class='ocrx_word' id='word_1_153' title='bbox 551 2613 708 2680; x_wconf 87' lang='lat' dir='ltr'>classicus.</span> <span class='ocrx_word' id='word_1_154' title='bbox 754 2614 794 2677; x_wconf 86' lang='lat' dir='ltr'>Et</span> <span class='ocrx_word' id='word_1_155' title='bbox 826 2614 929 2678; x_wconf 86' lang='lat' dir='ltr'>statim</span> <span class='ocrx_word' id='word_1_156' title='bbox 963 2613 1029 2698; x_wconf 86' lang='lat' dir='ltr'>ipsa</span> <span class='ocrx_word' id='word_1_157' title='bbox 1063 2611 1160 2676; x_wconf 88' lang='lat' dir='ltr'>verba</span> 
     </span>
     <span class='ocr_line' id='line_1_21' title="bbox 132 2722 1161 2821; baseline -0.003 -32"><span class='ocrx_word' id='word_1_158' title='bbox 132 2733 212 2821; x_wconf 68' lang='lat' dir='ltr'>orat.</span> <span class='ocrx_word' id='word_1_159' title='bbox 233 2746 292 2810; x_wconf 91' lang='lat' dir='ltr'>pro</span> <span class='ocrx_word' id='word_1_160' title='bbox 307 2746 442 2789; x_wconf 78' lang='lat' dir='ltr'>rnancro</span> <span class='ocrx_word' id='word_1_161' title='bbox 452 2724 478 2811; x_wconf 84' lang='lat'>⁴)</span> <span class='ocrx_word' id='word_1_162' title='bbox 502 2724 626 2788; x_wconf 82' lang='lat' dir='ltr'>obstant</span> <span class='ocrx_word' id='word_1_163' title='bbox 637 2745 816 2787; x_wconf 81' lang='lat' dir='ltr'>nonnssnn</span> <span class='ocrx_word' id='word_1_164' title='bbox 830 2723 985 2809; x_wconf 87' lang='lat' dir='ltr'>opinioni:</span> <span class='ocrx_word' id='word_1_165' title='bbox 1006 2722 1161 2804; x_wconf 87' lang='lat' dir='ltr'>„nominc</span> 
     </span>
     <span class='ocr_line' id='line_1_22' title="bbox 84 2822 1161 2923; baseline -0.005 -21"><span class='ocrx_word' id='word_1_166' title='bbox 84 2848 90 2859; x_wconf 87' lang='lat'>&#39;</span> <span class='ocrx_word' id='word_1_167' title='bbox 133 2835 239 2923; x_wconf 81' lang='lat' dir='ltr'>„legis</span> <span class='ocrx_word' id='word_1_168' title='bbox 267 2822 420 2913; x_wconf 74' lang='lat' dir='ltr'>Liciniae,</span> <span class='ocrx_word' id='word_1_169' title='bbox 457 2857 538 2920; x_wconf 89' lang='lat' dir='ltr'>quac</span> <span class='ocrx_word' id='word_1_170' title='bbox 565 2845 612 2898; x_wconf 85' lang='lat' dir='ltr'>est</span> <span class='ocrx_word' id='word_1_171' title='bbox 640 2833 680 2898; x_wconf 85' lang='lat' dir='ltr'>de</span> <span class='ocrx_word' id='word_1_172' title='bbox 702 2832 858 2897; x_wconf 86' lang='lat' dir='ltr'>sodaliciis</span> <span class='ocrx_word' id='word_1_173' title='bbox 886 2855 994 2898; x_wconf 87' lang='lat' dir='ltr'>omnes</span> <span class='ocrx_word' id='word_1_174' title='bbox 1025 2831 1161 2897; x_wconf 88' lang='lat' dir='ltr'>ambitus</span> 
     </span>
     <span class='ocr_line' id='line_1_23' title="bbox 133 2943 1159 3035; baseline -0.002 -23"><span class='ocrx_word' id='word_1_175' title='bbox 133 2947 246 3035; x_wconf 85' lang='lat' dir='ltr'>„leges</span> <span class='ocrx_word' id='word_1_176' title='bbox 275 2945 460 3032; x_wconf 79' lang='lat' dir='ltr'>complexus</span> <span class='ocrx_word' id='word_1_177' title='bbox 488 2943 555 3010; x_wconf 85' lang='lat' dir='ltr'>est”</span> <span class='ocrx_word' id='word_1_178' title='bbox 587 2966 710 3031; x_wconf 87' lang='lat' dir='ltr'>proque</span> <span class='ocrx_word' id='word_1_179' title='bbox 736 2964 807 3007; x_wconf 88' lang='lat' dir='ltr'>mea</span> <span class='ocrx_word' id='word_1_180' title='bbox 828 2945 981 3008; x_wconf 87' lang='lat' dir='ltr'>sententia</span> <span class='ocrx_word' id='word_1_181' title='bbox 1004 2953 1159 3030; x_wconf 80' lang='lat' dir='ltr'>pugnant.</span> 
     </span>
     <span class='ocr_line' id='line_1_24' title="bbox 133 3053 1160 3146; baseline -0.005 -21"><span class='ocrx_word' id='word_1_182' title='bbox 133 3060 198 3125; x_wconf 87' lang='lat' dir='ltr'>Nec</span> <span class='ocrx_word' id='word_1_183' title='bbox 227 3081 307 3146; x_wconf 90' lang='lat' dir='ltr'>opus</span> <span class='ocrx_word' id='word_1_184' title='bbox 338 3067 443 3124; x_wconf 87' lang='lat' dir='ltr'>tamen</span> <span class='ocrx_word' id='word_1_185' title='bbox 473 3066 521 3122; x_wconf 90' lang='lat' dir='ltr'>est</span> <span class='ocrx_word' id='word_1_186' title='bbox 544 3067 582 3122; x_wconf 88' lang='lat' dir='ltr'>ut</span> <span class='ocrx_word' id='word_1_187' title='bbox 604 3056 644 3122; x_wconf 91' lang='lat' dir='ltr'>ad</span> <span class='ocrx_word' id='word_1_188' title='bbox 665 3078 820 3124; x_wconf 71' lang='lat' dir='ltr'>murnum</span> <span class='ocrx_word' id='word_1_189' title='bbox 842 3056 1023 3143; x_wconf 81' lang='lat' dir='ltr'>opinionem</span> <span class='ocrx_word' id='word_1_190' title='bbox 1045 3053 1160 3120; x_wconf 48' lang='lat' dir='ltr'>contu*</span> 
     </span>
    </p>
   </div>
   <div class='ocr_carea' id='block_1_4' title="bbox 135 3315 1165 3808">
    <p class='ocr_par' dir='ltr' id='par_1_5' title="bbox 168 3315 589 3385">
     <span class='ocr_line' id='line_1_25' title="bbox 168 3315 589 3385; baseline -0.012 -15"><span class='ocrx_word' id='word_1_191' title='bbox 168 3317 376 3385; x_wconf 73' lang='lat' dir='ltr'>¹)Drocass1os</span> <span class='ocrx_word' id='word_1_192' title='bbox 395 3315 527 3366; x_wconf 80' lang='lat' dir='ltr'>XXXIX.</span> <span class='ocrx_word' id='word_1_193' title='bbox 547 3320 589 3366; x_wconf 82' lang='grc'>37.</span> 
     </span>
    </p>

    <p class='ocr_par' dir='ltr' id='par_1_6' title="bbox 135 3400 1165 3808">
     <span class='ocr_line' id='line_1_26' title="bbox 170 3400 1162 3471; baseline 0.002 -20"><span class='ocrx_word' id='word_1_194' title='bbox 170 3400 190 3471; x_wconf 81' lang='lat'>²)</span> <span class='ocrx_word' id='word_1_195' title='bbox 208 3403 344 3469; x_wconf 66' lang='grc' dir='ltr'><em>Δικάζειν</em></span> <span class='ocrx_word' id='word_1_196' title='bbox 357 3403 427 3465; x_wconf 80' lang='lat' dir='ltr'>sign.</span> <span class='ocrx_word' id='word_1_197' title='bbox 443 3404 558 3451; x_wconf 77' lang='lat' dir='ltr'>uterium</span> <span class='ocrx_word' id='word_1_198' title='bbox 576 3414 715 3451; x_wconf 77' lang='lat' dir='ltr'>nomas.</span> <span class='ocrx_word' id='word_1_199' title='bbox 730 3417 770 3466; x_wconf 91' lang='lat' dir='ltr'>op.</span> <span class='ocrx_word' id='word_1_200' title='bbox 788 3403 806 3452; x_wconf 92' lang='lat'>1.</span> <span class='ocrx_word' id='word_1_201' title='bbox 825 3408 866 3453; x_wconf 78' lang='lat'>43.</span> <span class='ocrx_word' id='word_1_202' title='bbox 885 3420 911 3454; x_wconf 87' lang='lat' dir='ltr'>n.</span> <span class='ocrx_word' id='word_1_203' title='bbox 933 3408 944 3452; x_wconf 94' lang='lat'>1</span> <span class='ocrx_word' id='word_1_204' title='bbox 964 3404 1096 3455; x_wconf 82' lang='lat' dir='ltr'>indicarit:</span> <span class='ocrx_word' id='word_1_205' title='bbox 1114 3419 1162 3453; x_wconf 80' lang='lat' dir='ltr'>om·</span> 
     </span>
     <span class='ocr_line' id='line_1_27' title="bbox 136 3485 1163 3554; baseline -0.001 -17"><span class='ocrx_word' id='word_1_206' title='bbox 136 3487 199 3549; x_wconf 82' lang='lat' dir='ltr'>dire,</span> <span class='ocrx_word' id='word_1_207' title='bbox 218 3504 270 3538; x_wconf 90' lang='lat' dir='ltr'>uon</span> <span class='ocrx_word' id='word_1_208' title='bbox 288 3485 421 3536; x_wconf 71' lang='lat' dir='ltr'>demrim.</span> <span class='ocrx_word' id='word_1_209' title='bbox 457 3487 499 3536; x_wconf 85' lang='lat' dir='ltr'>Sic</span> <span class='ocrx_word' id='word_1_210' title='bbox 516 3501 563 3535; x_wconf 86' lang='lat' dir='ltr'>nm</span> <span class='ocrx_word' id='word_1_211' title='bbox 580 3499 681 3535; x_wconf 75' lang='lat' dir='ltr'>cnsuus</span> <span class='ocrx_word' id='word_1_212' title='bbox 699 3485 846 3549; x_wconf 75' lang='lat' dir='ltr'>xxxyn.</span> <span class='ocrx_word' id='word_1_213' title='bbox 865 3491 907 3536; x_wconf 82' lang='lat'>29.</span> <span class='ocrx_word' id='word_1_214' title='bbox 924 3486 1002 3545; x_wconf 73' lang='grc' dir='ltr'><em>ἔδοξε</em></span> <span class='ocrx_word' id='word_1_215' title='bbox 1022 3492 1056 3554; x_wconf 73' lang='grc' dir='ltr'>τῇ</span> <span class='ocrx_word' id='word_1_216' title='bbox 1074 3487 1163 3554; x_wconf 72' lang='grc' dir='ltr'><strong><em>βουλῇ</em></strong></span> 
     </span>
     <span class='ocr_line' id='line_1_28' title="bbox 135 3572 1165 3641; baseline 0.002 -17"><span class='ocrx_word' id='word_1_217' title='bbox 135 3602 170 3612; x_wconf 94' lang='grc'>-</span> <span class='ocrx_word' id='word_1_218' title='bbox 187 3583 245 3630; x_wconf 80' lang='grc' dir='ltr'><strong><em>τοῖς</em></strong></span> <span class='ocrx_word' id='word_1_219' title='bbox 262 3574 403 3633; x_wconf 58' lang='lat' dir='ltr'>&amp;serapione</span> <span class='ocrx_word' id='word_1_220' title='bbox 421 3580 479 3627; x_wconf 80' lang='grc' dir='ltr'><strong>τοῖς</strong></span> <span class='ocrx_word' id='word_1_221' title='bbox 503 3573 549 3620; x_wconf 67' lang='grc' dir='ltr'>ἐπὶ</span> <span class='ocrx_word' id='word_1_222' title='bbox 572 3572 609 3638; x_wconf 75' lang='grc' dir='ltr'>τῷ</span> <span class='ocrx_word' id='word_1_223' title='bbox 630 3573 755 3639; x_wconf 71' lang='grc' dir='ltr'>δεκασμῷ</span> <span class='ocrx_word' id='word_1_224' title='bbox 777 3575 953 3637; x_wconf 63' lang='grc' dir='ltr'><em>τεταγμένοις</em></span> <span class='ocrx_word' id='word_1_225' title='bbox 971 3579 1165 3641; x_wconf 71' lang='grc' dir='ltr'>προσνομοθε-</span> 
     </span>
     <span class='ocr_line' id='line_1_29' title="bbox 136 3656 1163 3725; baseline 0 -15"><span class='ocrx_word' id='word_1_226' title='bbox 136 3664 224 3725; x_wconf 79' lang='grc' dir='ltr'><em>τῆσιιι.</em></span> <span class='ocrx_word' id='word_1_227' title='bbox 252 3659 320 3709; x_wconf 89' lang='lat' dir='ltr'>Vide</span> <span class='ocrx_word' id='word_1_228' title='bbox 338 3659 445 3709; x_wconf 82' lang='lat' dir='ltr'>eundem</span> <span class='ocrx_word' id='word_1_229' title='bbox 461 3658 493 3707; x_wconf 88' lang='lat' dir='ltr'>de</span> <span class='ocrx_word' id='word_1_230' title='bbox 507 3657 564 3721; x_wconf 82' lang='lat' dir='ltr'>lege</span> <span class='ocrx_word' id='word_1_231' title='bbox 579 3656 716 3722; x_wconf 86' lang='lat' dir='ltr'>Calpurnia</span> <span class='ocrx_word' id='word_1_232' title='bbox 731 3657 863 3707; x_wconf 82' lang='lat' dir='ltr'>XXXVI.</span> <span class='ocrx_word' id='word_1_233' title='bbox 880 3663 920 3708; x_wconf 82' lang='lat'>21.</span> <span class='ocrx_word' id='word_1_234' title='bbox 936 3658 1037 3722; x_wconf 79' lang='lat' dir='ltr'>delego</span> <span class='ocrx_word' id='word_1_235' title='bbox 1051 3673 1163 3710; x_wconf 77' lang='lat' dir='ltr'>rourum</span> 
     </span>
     <span class='ocr_line' id='line_1_30' title="bbox 138 3740 1163 3808; baseline 0 -14"><span class='ocrx_word' id='word_1_236' title='bbox 138 3758 171 3794; x_wconf 84' lang='lat' dir='ltr'>cx</span> <span class='ocrx_word' id='word_1_237' title='bbox 188 3759 240 3808; x_wconf 83' lang='lat' dir='ltr'>qua</span> <span class='ocrx_word' id='word_1_238' title='bbox 256 3756 323 3792; x_wconf 78' lang='lat' dir='ltr'>suno</span> <span class='ocrx_word' id='word_1_239' title='bbox 339 3757 397 3792; x_wconf 86' lang='lat' dir='ltr'>rcus</span> <span class='ocrx_word' id='word_1_240' title='bbox 415 3749 475 3792; x_wconf 85' lang='lat' dir='ltr'>crat.</span> <span class='ocrx_word' id='word_1_241' title='bbox 494 3742 553 3792; x_wconf 84' lang='lat' dir='ltr'>XL.</span> <span class='ocrx_word' id='word_1_242' title='bbox 573 3747 606 3792; x_wconf 74' lang='lat'>52</span> <span class='ocrx_word' id='word_1_243' title='bbox 624 3750 681 3793; x_wconf 83' lang='lat' dir='ltr'>cett.</span> <span class='ocrx_word' id='word_1_244' title='bbox 717 3740 755 3792; x_wconf 85' lang='lat' dir='ltr'>Ci.</span> <span class='ocrx_word' id='word_1_245' title='bbox 774 3757 847 3806; x_wconf 85' lang='lat' dir='ltr'>porro</span> <span class='ocrx_word' id='word_1_246' title='bbox 870 3756 1005 3792; x_wconf 67' lang='lat' dir='ltr'>annuum.</span> <span class='ocrx_word' id='word_1_247' title='bbox 1028 3744 1061 3792; x_wconf 86' lang='lat' dir='ltr'>de</span> <span class='ocrx_word' id='word_1_248' title='bbox 1078 3745 1163 3794; x_wconf 85' lang='lat' dir='ltr'>Rebus</span> 
     </span>
    </p>
   </div>
   <div class='ocr_carea' id='block_1_5' title="bbox 137 3827 1248 3896">
    <p class='ocr_par' dir='ltr' id='par_1_7' title="bbox 137 3827 1248 3896">
     <span class='ocr_line' id='line_1_31' title="bbox 137 3827 1248 3896; baseline 0 -17"><span class='ocrx_word' id='word_1_249' title='bbox 137 3829 251 3880; x_wconf 86' lang='lat' dir='ltr'>iudicatis</span> <span class='ocrx_word' id='word_1_250' title='bbox 271 3844 323 3878; x_wconf 86' lang='lat' dir='ltr'>non</span> <span class='ocrx_word' id='word_1_251' title='bbox 342 3827 520 3877; x_wconf 86' lang='lat' dir='ltr'>rescindendis.</span> <span class='ocrx_word' id='word_1_252' title='bbox 535 3843 560 3891; x_wconf 89' lang='lat' dir='ltr'>p.</span> <span class='ocrx_word' id='word_1_253' title='bbox 579 3833 634 3877; x_wconf 82' lang='lat'><strong>103.</strong></span> <span class='ocrx_word' id='word_1_254' title='bbox 653 3845 679 3877; x_wconf 92' lang='lat' dir='ltr'>n.</span> <span class='ocrx_word' id='word_1_255' title='bbox 697 3827 833 3892; x_wconf 72' lang='grc' dir='ltr'><em>Δικάζειν</em></span> <span class='ocrx_word' id='word_1_256' title='bbox 851 3827 904 3878; x_wconf 86' lang='lat' dir='ltr'>iure</span> <span class='ocrx_word' id='word_1_257' title='bbox 922 3828 1008 3877; x_wconf 85' lang='lat' dir='ltr'>Attico</span> <span class='ocrx_word' id='word_1_258' title='bbox 1024 3828 1115 3878; x_wconf 86' lang='lat' dir='ltr'>dicitur</span> <span class='ocrx_word' id='word_1_259' title='bbox 1131 3829 1164 3880; x_wconf 86' lang='lat' dir='ltr'>dc</span> <span class='ocrx_word' id='word_1_260' title='bbox 1245 3888 1248 3896; x_wconf 18' lang='grc' dir='ltr'><strong>Α</strong></span> 
     </span>
    </p>
   </div>
   <div class='ocr_carea' id='block_1_6' title="bbox 138 3911 1163 4062">
    <p class='ocr_par' dir='ltr' id='par_1_8' title="bbox 138 3911 1163 4062">
     <span class='ocr_line' id='line_1_32' title="bbox 138 3911 1163 3977; baseline 0.001 -13"><span class='ocrx_word' id='word_1_261' title='bbox 138 3915 261 3965; x_wconf 89' lang='lat' dir='ltr'>iudicibus</span> <span class='ocrx_word' id='word_1_262' title='bbox 278 3914 411 3977; x_wconf 82' lang='lat' dir='ltr'>corruptis,</span> <span class='ocrx_word' id='word_1_263' title='bbox 431 3911 462 3962; x_wconf 76' lang='lat' dir='ltr'>et.</span> <span class='ocrx_word' id='word_1_264' title='bbox 479 3927 502 3960; x_wconf 78' lang='lat' dir='ltr'>r.</span> <span class='ocrx_word' id='word_1_265' title='bbox 512 3927 534 3960; x_wconf 89' lang='lat' dir='ltr'>c.</span> <span class='ocrx_word' id='word_1_266' title='bbox 553 3926 685 3966; x_wconf 76' lang='lat' dir='ltr'>moenam</span> <span class='ocrx_word' id='word_1_267' title='bbox 695 3911 764 3965; x_wconf 80' lang='lat' dir='ltr'>Oret.</span> <span class='ocrx_word' id='word_1_268' title='bbox 783 3912 890 3965; x_wconf 82' lang='lat' dir='ltr'>chace</span> <span class='ocrx_word' id='word_1_269' title='bbox 908 3914 966 3977; x_wconf 80' lang='lat'>§50</span> <span class='ocrx_word' id='word_1_270' title='bbox 984 3913 1023 3964; x_wconf 80' lang='lat' dir='ltr'>ed.</span> <span class='ocrx_word' id='word_1_271' title='bbox 1033 3926 1163 3965; x_wconf 68' lang='lat' dir='ltr'>suanm.</span> 
     </span>
     <span class='ocr_line' id='line_1_33' title="bbox 171 3996 554 4062; baseline -0.008 -15"><span class='ocrx_word' id='word_1_272' title='bbox 171 3996 192 4061; x_wconf 75' lang='lat'>³)</span> <span class='ocrx_word' id='word_1_273' title='bbox 210 3998 358 4047; x_wconf 68' lang='lat' dir='ltr'>Monstra</span> <span class='ocrx_word' id='word_1_274' title='bbox 377 4012 417 4062; x_wconf 85' lang='lat' dir='ltr'>op.</span> <span class='ocrx_word' id='word_1_275' title='bbox 432 3996 450 4045; x_wconf 88' lang='lat' dir='ltr'>l.</span> <span class='ocrx_word' id='word_1_276' title='bbox 469 4011 493 4060; x_wconf 88' lang='lat' dir='ltr'>p.</span> <span class='ocrx_word' id='word_1_277' title='bbox 513 3999 554 4045; x_wconf 82' lang='grc'>47.</span> 
     </span>
    </p>
   </div>
   <div class='ocr_carea' id='block_1_7' title="bbox 173 4079 556 4148">
    <p class='ocr_par' dir='ltr' id='par_1_9' title="bbox 173 4079 556 4148">
     <span class='ocr_line' id='line_1_34' title="bbox 173 4079 556 4148; baseline -0.013 -14"><span class='ocrx_word' id='word_1_278' title='bbox 173 4079 194 4147; x_wconf 74' lang='lat'>⁴)</span> <span class='ocrx_word' id='word_1_279' title='bbox 211 4082 266 4135; x_wconf 87' lang='lat' dir='ltr'>Crc.</span> <span class='ocrx_word' id='word_1_280' title='bbox 284 4097 309 4148; x_wconf 88' lang='lat' dir='ltr'>p.</span> <span class='ocrx_word' id='word_1_281' title='bbox 326 4083 413 4133; x_wconf 85' lang='lat' dir='ltr'>Plsnc.</span> <span class='ocrx_word' id='word_1_282' title='bbox 435 4085 465 4130; x_wconf 83' lang='lat'>15</span> <span class='ocrx_word' id='word_1_283' title='bbox 483 4080 497 4144; x_wconf 65' lang='lat' dir='ltr'>d</span> <span class='ocrx_word' id='word_1_284' title='bbox 514 4084 556 4130; x_wconf 81' lang='lat'>³6.</span> 
     </span>
    </p>
   </div>
   <div class='ocr_carea' id='block_1_8' title="bbox 0 0 1474 4950">
    <p class='ocr_par' dir='ltr' id='par_1_10' title="bbox 0 0 1474 4950">
     <span class='ocr_line' id='line_1_35' title="bbox 0 0 1474 4950; baseline 0 0"><span class='ocrx_word' id='word_1_285' title='bbox 0 0 1474 4950; x_wconf 95' lang='lat' dir='ltr'> </span> 
     </span>
    </p>
   </div>
  </div>
 </body>
</html>
