2910 4950
603 400 665 468 109

71 639 72 642 ¹
123 637 192 680 eam
213 613 483 689 intercessionem,
499 633 596 697 quam
611 610 751 698 graviter
768 610 843 676 tulit
859 612 1006 690 Senatus,
1027 629 1144 676 cronno

124 725 195 791 loco
225 724 395 792 sententiae
417 723 449 787 in
473 725 592 788 Senatu
615 721 693 787 dixit
715 724 889 789 orationem
912 724 945 788 in
967 733 1043 811 toga
1064 723 1145 788 can·

122 835 204 901 dide.
256 837 421 922 Leguntnr
453 834 485 898 in
519 832 703 921 fragmentis
736 832 830 900 huius
863 835 1028 912 orationis,
1064 854 1146 919 quae

125 946 352 1014 commentario
374 967 432 1010 suo
450 943 620 1011 illustravit
638 967 787 1011 ssconrus
807 944 980 1033 permulta,
1006 967 1088 1032 quae
1106 941 1147 1008 ed

125 1060 307 1146 petitionem
330 1079 496 1122 crosnonrs
518 1057 647 1143 eiusque
670 1060 911 1144 competitorum
938 1056 1029 1123 etad
1051 1057 1146 1121 histo·

125 1171 207 1234 riam
235 1168 363 1234 illorum
394 1180 573 1256 temporum
608 1180 693 1235 recte
722 1168 960 1258 intelligendam
990 1169 1148 1257 quantivis

123 1280 215 1368 pretii
234 1291 336 1346 sunt:
372 1303 454 1367 quae
482 1281 614 1367 sparsim
644 1303 702 1367 per
734 1291 874 1346 nostram
904 1280 1147 1367 disputationem

123 1391 241 1458 idoneis
270 1392 346 1458 locis
375 1391 589 1459 tractabimus.
640 1393 733 1457 Nunc
762 1391 864 1458 solum
895 1391 926 1457 id
957 1391 1080 1478 agimus
1111 1398 1148 1454 ut

125 1502 235 1591 legum
254 1502 366 1567 seriem
381 1524 477 1588 quern
491 1501 558 1567 fieri
574 1503 669 1589 possit
680 1503 911 1570 accuratissime
923 1523 1146 1590 proponamus.

168 1615 251 1679 Ante
274 1613 378 1701 legem
401 1613 538 1680 Tulliam
562 1613 625 1680 lats
647 1625 737 1681 sunt:

124 1726 162 1791 Α.
199 1724 440 1813 LexFabia1).

124 1838 160 1903 B.
200 1839 310 1903 Sctum
334 1860 362 1902 n.
387 1858 527 1901 cursans
550 1836 679 1906 factum.

167 1949 206 2014 A.
252 1947 302 2012 Ad
332 1969 425 2033 quern
453 1969 573 2013 annum
600 1947 766 2014 referenda
787 1949 827 2014 sit
849 1948 900 2014 lex
922 1948 1033 2025 Fabia,
1066 1968 1148 2032 quae

123 2066 171 2123 est
199 2055 238 2122 de
263 2079 399 2121 numero
425 2067 633 2134 sectatorum,
664 2058 817 2136 nescitum
850 2057 942 2122 nullo
971 2057 1055 2120 enim
1086 2056 1149 2120 alio

123 2169 196 2234 loco
225 2168 284 2233 nisi
313 2167 410 2233 semel
440 2165 526 2253 apud
555 2189 736 2233 cremonen
757 2169 784 2257 ²)
813 2168 907 2232 huius
930 2168 1008 2255 legis
1030 2168 1148 2232 mentio

124 2280 294 2345 invenitur.
342 2281 397 2344 Set
418 2279 538 2344 multae
560 2278 599 2344 de
622 2290 762 2367 ternpore
782 2303 845 2367 quo
865 2266 933 2345 lata
946 2281 986 2344 sit
1008 2281 1148 2345 afferun-

125 2401 179 2456 tur
198 2393 397 2457 coniecturee
416 2391 478 2455 elia
497 2391 558 2457 alie
574 2390 723 2457 audacior
737 2391 781 2480 ³),
802 2393 856 2458 sed
867 2403 898 2458 et
909 2393 941 2457 in
954 2391 1001 2456 his
1014 2391 1149 2458 tenebris

124 2501 237 2568 melius
259 2513 307 2569 est
328 2525 441 2569 manus
463 2501 618 2569 abstinere
648 2504 804 2593 [quamvis
827 2529 866 2571 ex
888 2504 958 2570 loco
981 2526 1148 2570 cressonis

122 2614 191 2680 iure
220 2614 350 2680 fortasse
380 2615 550 2681 coniiceres
580 2615 663 2682 hano
685 2617 788 2706 legem
811 2618 938 2684 Fabiam
960 2641 1025 2684 non
1045 2615 1149 2682 multo

123 2735 195 2791 ante
219 2723 323 2810 legem
346 2723 483 2789 Tulliam
507 2724 602 2789 fuisse
625 2723 749 2813 latam].

167 2838 202 2904 B.
249 2837 295 2900 De
324 2835 434 2900 eadem
464 2857 499 2900 re
526 2835 619 2901 fuisse
647 2836 712 2901 fere
738 2846 891 2903 statutum
913 2840 987 2903 Scto
1010 2837 1147 2924 quodem

106 2970 161 3014 -sc
192 2947 264 3034 lege
292 2945 387 3010 Fabia
416 2943 489 3010 inde
516 2945 755 3033 confici'potest
777 2947 861 3032 quod
883 2970 965 3027 una,
998 2949 1093 3034 idque
1114 2949 1147 3013 in

122 3056 233 3125 eodem
268 3066 458 3145 argumento
491 3078 510 3121 a
543 3079 700 3123 crcsnonn
734 3059 983 3146 coniunguntur.
1037 3061 1147 3126 Sctum

123 3168 205 3236 illud
227 3192 290 3235 non
315 3169 374 3234 nisi
397 3168 418 3235 l.
435 3169 457 3236 l.
482 3191 647 3237 orcsnonrs
671 3172 792 3252 inveni;
826 3170 926 3236 letum
950 3181 997 3238 est
1019 3195 1047 3238 n.
1072 3194 1147 3238 cns·

157 3417 177 3484 ¹)
195 3420 313 3471 Scribant
339 3420 413 3469 multi
440 3433 593 3471 nonensnn.
621 3436 645 3485 p.
673 3425 722 3471 408
748 3436 783 3486 sq.
803 3435 875 3471 nnnc.
894 3422 968 3487 Synt.
986 3438 1010 3488 p.
1030 3428 1089 3474 802.
1107 3424 1147 3475 ed.

123 3509 324 3556 xfimnnnnncn
339 3506 432 3570 aliique
446 3505 512 3555 hene
527 3505 609 3567 legem
623 3520 676 3556 esso
685 3507 854 3571 antiquatam,
863 3509 1026 3571 quodvernm
1036 3524 1088 3559 non
1097 3517 1148 3567 est;

122 3589 192 3652 plebs
209 3587 297 3637 restitit
314 3589 365 3652 legi
383 3590 427 3639 ssd
445 3603 501 3639 erun
519 3604 571 3640 non
588 3588 669 3638 reiecit
673 3612 684 3649 ,·
701 3591 792 3642 diserto
809 3593 879 3643 enim
894 3605 944 3642 crc.
960 3594 1056 3642 scribite
1076 3592 1148 3654 »legi

125 3672 252 3733 nFsbise,
278 3690 339 3737 qnos
362 3681 409 3733 est,
432 3676 463 3724 de
486 3683 635 3725 sectatorum
658 3691 776 3726 nomem:
802 3686 850 3726 nm
872 3691 896 3740 p.
915 3677 1003 3726 Plsnc.
1026 3680 1055 3724 15
1073 3675 1087 3739 t
1104 3678 1146 3725 36.

122 3757 188 3807 alex
205 3758 318 3817 Licinis,
336 3773 397 3821 quos
414 3767 450 3807 cst
465 3759 497 3808 de
513 3760 664 3810 sodaliciis.''

157 3838 178 3904 ²)
196 3843 251 3893 Crc.
270 3858 294 3906 p.
313 3844 382 3892 Mur.
400 3848 433 3893 34
452 3843 465 3907 t
484 3847 524 3894 70.
693 3907 700 3918 Δ

160 3922 182 3986 ³)
199 3927 362 3990 [Boncnsnn
375 3943 399 3978 v.
408 3942 429 3977 c.
444 3928 504 3977 dicit
515 3943 539 3992 p.
550 3933 599 3979 408
611 3929 697 3994 paullo
708 3935 763 3994 post
774 3928 857 3992 legem
865 3928 976 3978 Martem
988 3943 1011 3978 e.
1020 3943 1045 3977 u.
1054 3942 1076 3976 c.
1089 3928 1148 3977 635.

125 4010 190 4072 (vide
207 4027 231 4075 p.
251 4011 302 4079 82.)
326 4019 436 4062 secutam
460 4025 513 4061 esse
536 4013 619 4077 legem
640 4013 760 4074 Fabiam,
778 4013 892 4078 quamvis
910 4020 1024 4064 eceumte
1041 4011 1090 4062 dici
1108 4025 1150 4062 nc-

124 4104 199 4160 quast
214 4111 266 4161 qno
282 4112 351 4147 enno
367 4096 419 4148 ists
435 4095 532 4159 fuerit]
