2910 4950
676 403 740 470 126

195 614 344 700 petitione
377 610 537 701 repulsam
574 611 692 679 tulerat
732 634 805 679 cum
847 637 883 680 11.
918 634 1044 681 cnrorm
1078 633 1217 693 1111011,

197 747 310 790 eramo
335 746 477 790 suuncio
502 736 931 791 urnouretcr.eosrun10
957 725 997 813 ¹).

240 835 363 901 Addam
393 835 425 902 b.
446 835 468 903 l.
500 835 656 901 nonnulla
681 834 720 900 de
743 836 991 902 accusationibus
1013 844 1045 901 et
1067 833 1221 902 defensio·

196 947 289 1012 nibus
308 949 340 1013 iu
361 949 521 1027 universo3
536 947 702 1013 exordium
717 948 830 1014 faciam
846 972 884 1014 ex
900 959 1008 1013 nostra
1027 970 1132 1014 causa.
1157 947 1221 1014 Ασ-

197 1082 304 1125 maore
326 1059 411 1147 apud
432 1062 592 1125 Romanos
615 1059 757 1127 odiosum
776 1070 857 1140 erat,
881 1063 989 1147 paucis
1007 1073 1091 1128 certe
1108 1083 1223 1147 excep-

198 1170 336 1237 tionibus
368 1195 483 1258 nempe
513 1174 539 1237 si
573 1174 643 1259 quis
673 1184 815 1260 acceptas
848 1174 978 1238 iniurias
1002 1173 1053 1238 vel
1077 1183 1226 1259 paternas

199 1283 329 1349 iniurias
356 1283 563 1350 ulcisceretur
589 1284 641 1350 rel
667 1286 693 1350 si
721 1286 811 1370 Reip.
836 1307 931 1350 causa
952 1294 1124 1350 accusaret.
1171 1284 1225 1350 Id·

197 1395 284 1462 circo
302 1396 335 1461 in
355 1397 455 1462 causis
474 1396 512 1462 de
531 1397 652 1462 ambitu
670 1396 813 1462 videmus
831 1398 1008 1484 saepissime
1027 1406 1226 1462 accusatores

199 1530 252 1573 eos
270 1531 350 1587 esse,
367 1510 423 1594 qui
445 1508 606 1595 repulsam
630 1509 791 1589 tulerunt,
814 1520 851 1574 ut
873 1518 981 1574 nostro
1003 1508 1074 1574 loco
1097 1532 1228 1575 servios

133 1651 135 1655 ·
163 1672 168 1678 .
199 1641 364 1687 sonneras.
411 1621 499 1685 Cnro
522 1623 599 1707 reip.
623 1643 717 1686 causa
736 1622 903 1687 accusabat
924 1623 1000 1710 [cic.
1021 1644 1053 1707 p.
1070 1622 1151 1687 Mur.
1168 1621 1228 1688 37.

200 1732 304 1819 578]
331 1733 382 1797 vel
405 1735 508 1819 potius
531 1732 723 1819 subscriptor
742 1735 858 1799 exstitit
879 1733 965 1821 quod
986 1743 1091 1798 tamen
1116 1731 1228 1798 eodem

201 1845 267 1911 fere
296 1845 390 1924 redit,
422 1847 465 1911 ita
487 1858 524 1912 ut
546 1869 716 1912 rosruums
742 1868 772 1913 v.
793 1870 820 1913 c.
848 1848 892 1935 [et
914 1848 979 1933 ipse
1002 1845 1098 1934 curo]
1128 1866 1228 1910 accu-

201 1967 287 2023 sator
319 1956 498 2043 appelletur
526 1956 568 2046 ²).
615 1959 826 2022 Prornucuos
855 1957 917 2023 hac
950 1957 983 2022 in
1017 1979 1053 2021 re
1087 1954 1228 2035 fallitur,

203 2069 289 2157 quod
315 2091 464 2136 erronem
488 2079 639 2155 tanquam
662 2080 879 2135 accusatorem
899 2068 1115 2156 proposuerit,
1148 2065 1231 2132 forte

202 2181 288 2268 quod
310 2181 475 2247 audiverat
497 2203 647 2246 curonru
669 2182 803 2247 iurasse:
833 2182 1058 2261 κατηγορήσειν
1082 2184 1136 2244 τοῦ
1163 2176 1230 2244 δόν-

202 2318 254 2367 τος
278 2295 421 2375 ἀργύριον
443 2293 490 2382 ³),
523 2317 554 2358 se
577 2316 694 2358 nomen
720 2292 893 2358 consularis
920 2291 1075 2357 candidati
1102 2288 1231 2355 delatu-

203 2429 276 2471 rum
301 2405 341 2494 ⁴).
388 2407 430 2471 At
452 2429 482 2472 n.
508 2428 620 2471 rourum
643 2429 781 2470 sicarum
805 2405 942 2470 alterum
966 2401 1128 2469 consulem
1150 2399 1232 2466 desi·

203 2530 337 2606 gnatum
368 2539 432 2581 non
463 2520 622 2584 accusavit
651 2521 688 2584 δι’
711 2516 901 2600 οἰκειότητα,
934 2517 977 2579 ait
1006 2536 1230 2588 reuersurus,

205 2625 377 2708 Σερβιλίαν
401 2626 464 2707 γὰρ
486 2628 629 2710 ἀδελφὴν
651 2621 794 2698 Κάτωνος
820 2626 834 2690 ὁ
862 2626 996 2697 Σιλανὸς
1023 2621 1104 2705 εἶχε·
1128 2647 1232 2690 mour·

204 2763 266 2804 nar
301 2740 530 2806 accusationem
562 2739 691 2806 cedebat
723 2741 789 2804 sine
824 2738 920 2805 dubio
950 2739 1147 2824 competitori
1177 2760 1234 2804 re·

204 2849 307 2937 pulso.
355 2850 504 2915 Paternas
526 2850 657 2915 iniurias
680 2849 787 2915 ulcisci
810 2850 830 2915 i.
844 2873 871 2915 e.
896 2858 1017 2935 patrem
1046 2847 1236 2922 damnatum

211 2960 275 3049 [vel
301 2959 496 3049 accusatum]
528 2961 637 3027 ulcisci
663 2961 809 3048 cupiebat
833 2983 1028 3037 arnnrrxus,
1059 2961 1150 3026 cuius
1173 2982 1234 3047 pu-

206 3083 288 3139 trem
324 3097 353 3140 1.
377 3096 505 3139 cosmos
540 3073 578 3138 de
612 3074 734 3139 ambitu
763 3084 973 3141 accusaverat.
1020 3074 1110 3159 Reip.
1138 3094 1235 3138 causa

207 3184 397 3271 plerumque
420 3184 610 3250 accusabant
633 3187 761 3251 iuvenes
783 3186 809 3274 ⁵)
835 3208 872 3250 eo
896 3184 1024 3250 consilio
1048 3196 1084 3249 ut
1103 3208 1136 3249 se
1158 3183 1233 3249 civi·

208 3295 267 3362 bus
289 3297 353 3360 suis
375 3295 634 3363 commendarent
659 3298 700 3386 ⁰).
746 3299 798 3364 Sic
828 3320 943 3364 cicero
967 3296 1128 3363 damnavit
1150 3318 1235 3362 ven·

244 3500 264 3567 ¹)
283 3502 337 3553 010.
355 3519 379 3567 p.
398 3503 466 3553 Mur.
486 3509 516 3553 21
537 3504 550 3570 b
568 3510 609 3555 43.
629 3511 660 3555 26
680 3506 748 3571 §54
765 3507 793 3571 [4
808 3506 822 3571 t
840 3511 878 3557 10.
898 3512 930 3557 23
946 3509 961 3570 §
977 3511 1018 3557 48.
1033 3507 1092 3557 coll.
1106 3509 1138 3555 26
1155 3505 1241 3570 554]

243 3584 263 3654 ²)
282 3587 336 3638 Cic.
355 3605 379 3652 p.
398 3590 466 3639 Mur.
486 3593 517 3640 27
539 3592 553 3654 ξ
572 3596 613 3642 56.
633 3598 664 3642 28
686 3594 700 3655 ξ
719 3597 751 3640 58
770 3603 795 3642 et
812 3593 917 3657 saepius.
952 3593 996 3646 Sic
1015 3602 1066 3645 tres
1082 3599 1237 3647 accusatores

208 3685 316 3722 monus
334 3672 450 3723 nominat
467 3687 600 3726 nsconxus.
618 3692 642 3741 p.
662 3675 706 3728 Or.
725 3681 767 3726 42.

245 3754 265 3823 ὅ)
284 3757 365 3808 Prur.
383 3758 446 3809 Cato
464 3760 528 3809 Min.
548 3766 589 3811 21.

244 3839 264 3908 ⁴)
282 3842 337 3894 Cic.
356 3860 380 3908 p.
398 3845 466 3894 Mur.
486 3852 519 3895 30
537 3845 551 3910 ᾗ
568 3849 609 3896 62.
629 3847 673 3911 [da
689 3846 749 3897 Fin.
766 3848 815 3898 tv.
835 3848 850 3910 ξ
870 3849 924 3913 74.]

243 3923 265 3992 ⁶)
283 3929 349 3979 Tac.
373 3931 405 3979 do
428 3929 467 3981 ct.
492 3930 561 3983 Orat.
586 3935 628 3980 34.
651 3931 683 3981 cf.
706 3945 806 3983 11111111.
830 3933 863 3983 od
885 3947 934 3986 c1c.
958 3934 992 3986 ad
1013 3933 1086 3986 Fum.
1108 3933 1187 3984 vul,
1212 3935 1239 3980 6.

210 4026 358 4065 rmuronr.
376 4015 437 4078 Re'p.
451 4015 523 4065 Rom.
543 4017 574 4066 T.
591 4016 629 4066 11.
647 4031 672 4080 p.
694 4020 749 4067 101.

246 4093 267 4164 ⁶)
286 4099 420 4149 Euunnor.
439 4114 478 4163 op.
497 4100 514 4149 Ι.
532 4115 556 4164 p.
575 4099 664 4150 XVII.
