2910 4950
692 389 737 454 54

252 601 279 668 Ι.
301 598 473 685 Aliquanto
491 595 586 663 altius
609 617 659 662 res
677 593 847 683 repetenda
864 595 989 663 videtur
1007 606 1103 684 atque
1122 599 1230 685 paucis

303 707 525 796 pertractanda
535 718 582 774 est
592 706 779 774 iudiciorum
792 707 994 794 publicorum
1008 708 1034 796 1)
1049 708 1229 796 histor-12²).

254 821 369 885 Primis
398 820 592 908 temporibus
621 818 770 885 dicuntur
799 842 890 908 reges
916 819 1031 886 iudicia
1057 824 1233 888 exercuisse

209 932 249 997 de
271 932 472 1012 criminibus,
497 931 582 1020 quod
604 941 736 998 testatur
757 932 841 997 inter
859 932 937 999 alios
953 955 1038 1000 oron.
1058 957 1231 1003 usnresun.

208 1043 257 1110 his
278 1044 382 1111 verbis
394 1044 439 1132 8);
464 1050 552 1128 „rev
574 1068 610 1111 τε
628 1044 833 1123 &brunaticus
855 1045 898 1110 τὰ
923 1046 1067 1125 μέγιστα
1091 1047 1149 1125 μὲν
1175 1047 1232 1111 αὐ-

210 1158 289 1241 „cbo
312 1157 375 1246 (τὸν
400 1156 556 1245 βασιλέα)
584 1155 736 1239 δικάζειν,
768 1156 810 1222 τὰ
835 1157 866 1222 δὲ
886 1155 1042 1221 indecore
1070 1165 1135 1229 τοῖς
1157 1158 1233 1234 βου-

209 1278 366 1354 ,,λευταῖς
387 1268 574 1349 ἐπιτρέπειν.
621 1268 667 1333 De
693 1267 883 1356 gravissimis
908 1267 1028 1334 delictis
1055 1269 1152 1355 igitur
1175 1267 1235 1353 ipsi

208 1405 301 1469 reges
342 1378 589 1470 cognoscebant:
629 1380 753 1445 minora
791 1379 993 1445 senatoribus
1035 1378 1234 1444 diiudicanda

208 1491 434 1578 permittebant
452 1489 493 1579 ⁴).

256 1602 422 1681 Consules,
450 1602 567 1666 exactis
591 1599 737 1689 regibus,
760 1601 794 1666 in
818 1601 1008 1668 omniafere
1029 1625 1140 1669 eornm
1164 1603 1235 1669 iura

210 1715 392 1780 successisse
424 1711 573 1778 videntur
597 1723 629 1778 et
662 1713 706 1778 sie
736 1734 856 1778 esurus
887 1712 926 1778 de
956 1736 1014 1779 suo
1045 1716 1141 1802 ipsius
1170 1715 1237 1780 filio

209 1826 401 1914 supplicium
424 1848 489 1891 esse
511 1823 701 1891 sumendum
723 1823 871 1891 decrevit.
918 1825 1011 1908 Quod
1034 1828 1128 1892 etiam
1151 1826 1236 1892 indi-

212 1948 303 2003 catur
325 1961 344 2003 a
366 1959 528 2003 nonnemo
549 1936 595 2026 5),
628 1959 729 2021 quum
754 1936 838 2003 dicat
860 1937 1028 2003 consulum
1052 1948 1235 2025 potestatem

210 2048 446 2137 aliquantulum
475 2072 541 2115 esse
570 2048 785 2114 imminutum:
816 2050 900 2135 „qui
926 2049 1095 2139 (consules)
1129 2061 1236 2116 tamen

210 2185 281 2245 „ne
303 2184 360 2249 per
382 2161 488 2227 omnia
510 2161 633 2248 regiam
655 2169 839 2246 potestatem
863 2160 920 2226 sibi
947 2161 1143 2227 vindicarent
1165 2160 1237 2248 lege

211 2272 305 2356 „late
327 2273 448 2337 factum
464 2281 511 2336 est
527 2282 565 2336 ut
579 2270 619 2336 ab
638 2272 675 2336 iis
691 2273 873 2357 provocatio
896 2271 979 2359 (lege
995 2271 1134 2361 Valeria)
1158 2281 1239 2338 esset

211 2406 321 2466 „neve
343 2390 469 2468 possent
490 2381 531 2445 in'
547 2390 643 2466 caput
665 2381 740 2446 civis
760 2383 897 2447 Romani
920 2382 1169 2448 animadvertere
1184 2384 1238 2448 in-

213 2494 329 2577 „iussu
351 2489 482 2579 populi”
508 2500 579 2557 cett.
625 2493 673 2556 Ex
695 2514 733 2556 eo
751 2492 824 2558 inde
846 2504 1004 2580 tempore,
1030 2518 1129 2581 quum
1152 2495 1239 2559 iussu

213 2602 325 2691 populi
346 2603 446 2690 igitur
467 2601 576 2688 quaeri
604 2611 750 2687 coeptum
768 2612 815 2668 est
835 2603 868 2668 in
887 2613 983 2690 caput
1006 2604 1082 2669 civis
1103 2605 1239 2670 Romani

249 2811 270 2881 ¹)
288 2813 421 2875 Quaenam
444 2811 494 2862 sint
520 2810 612 2861 iudicia
636 2810 737 2876 publica
762 2812 880 2863 docemur
903 2812 922 2863 l.
951 2818 963 2863 l
989 2812 1015 2862 ff.
1039 2811 1069 2861 de
1093 2812 1160 2879 publ.
1189 2812 1241 2864 iud.

217 2915 289 2950 anon
315 2901 402 2950 omnic
423 2898 516 2949 iudicia
539 2898 566 2948 in
588 2898 678 2963 quibus
696 2898 795 2951 crimen
819 2898 923 2948 vertitur
942 2897 1044 2963 publice
1061 2907 1132 2960 sunt,
1151 2899 1194 2949 sed
1212 2915 1243 2950 ee

216 2990 347 3044 utentum,
370 2998 435 3049 quse
457 2996 491 3033 ex
514 2982 611 3046 legibus
634 2982 783 3032 iudiciorum
806 2982 963 3047 publicomm
987 2984 1106 3044 veniunt,
1128 2991 1156 3033 ut
1176 2984 1245 3034 Iulis

216 3071 397 3121 umaiestetis”
423 3076 481 3120 cett.

251 3152 290 3204 cf.
314 3165 516 3208 scnurrnncus,
540 3150 572 3199 de
595 3149 698 3198 historia
720 3164 787 3214 proc.
808 3150 878 3199 crim.
900 3149 1008 3200 Romen.
1027 3149 1194 3201 Commentut.
1218 3154 1242 3203 1.

218 3252 243 3303 p.
266 3243 322 3287 154.
357 3235 527 3286 Vrutieleviae
548 3235 621 3283 1827.

252 3319 273 3387 1)
291 3322 332 3371 De
353 3321 515 3386 sequentibus
537 3318 642 3368 omnino
663 3317 828 3368 conserendus
851 3323 888 3368 est
921 3314 1032 3368 emme
1056 3317 1082 3368 in
1106 3334 1147 3385 op.
1174 3320 1245 3373 lanu

218 3406 318 3469 passim.

251 3485 273 3555 1)
290 3488 367 3536 1)ιοιι.
386 3499 449 3535 nun.
467 3485 504 3534 11.
516 3499 541 3549 p.
560 3487 593 3535 et
611 3486 650 3535 ed.
669 3497 798 3536 eruntne.

252 3571 274 3641 6)
291 3575 367 3623 Recto
389 3578 418 3622 ut
440 3572 505 3621 mihi
527 3572 624 3621 videtur
646 3572 678 3622 ‹le
699 3572 796 3635 legibus
818 3573 894 3636 regiis
912 3573 985 3623 etde
1002 3573 1173 3639 antiquissimo
1190 3575 1246 3628 iurc

216 3656 342 3709 criminali
370 3656 478 3705 Roman.
504 3654 639 3717 disputavit
662 3668 752 3704 nosce
775 3656 809 3706 V.
825 3655 863 3707 Cl.
890 3656 918 3705 in
939 3660 1150 3709 commentatione
1179 3675 1245 3725 quae

217 3742 309 3807 prodiit
325 3738 469 3802 chimonti
489 3741 563 3786 1823.
587 3737 618 3787 cf.
646 3740 791 3802 praesertim
812 3757 833 3790 c.
859 3741 911 3790 111.
937 3756 962 3806 p.
987 3747 1103 3805 28-53,
1127 3746 1242 3810 quemvis

217 3826 306 3890 negari
328 3828 436 3887 nequent
457 3827 536 3870 totam
558 3835 612 3870 rem
634 3821 710 3870 tentis
730 3824 839 3873 tenebris
862 3839 915 3875 esso
938 3826 1058 3888 offusam,
1079 3836 1107 3877 ut
1124 3830 1168 3894 qui
1185 3844 1243 3879 cem

218 3918 285 3961 recte
310 3916 384 3971 euque
401 3906 489 3954 ordine
506 3905 623 3968 expediet
639 3906 748 3956 inveniri
764 3909 809 3957 vix
827 3911 911 3974 poscit.

252 3994 292 4046 ct.
310 4006 422 4050 eremo,
440 3991 503 4040 tiber
518 3990 592 4040 Item.
611 3990 682 4041 Veri.
701 3992 754 4043 und
769 3992 859 4046 Geseh.
877 3995 964 4048 Caesel
981 4002 1045 4049 18³9
1061 4011 1086 4062 p.
1102 3999 1152 4046 446
1169 4010 1227 4062 sqq.

255 4077 275 4146 ⁵)
293 4079 324 4128 L.
344 4082 368 4126 2.
387 4077 412 4125 ff.
432 4076 447 4138 ς
465 4078 495 4124 lt
510 4073 540 4124 de
558 4073 624 4140 Orip.
639 4075 708 4128 iuris.
