2910 4950
684 400 746 468 136

211 611 305 696 Quod
335 636 417 680 uiro
447 624 531 677 recte
561 634 711 677 ercanom
740 609 870 688 obiecit,
906 610 1014 695 quise
1037 629 1146 673 resera
1169 628 1236 675 una

208 726 392 811 exceptione
421 723 574 803 defendit,
603 747 635 790 se
658 745 772 808 nempe
794 743 936 787 caussam
960 744 1108 787 uramus
1131 744 1236 787 susce·

209 837 290 922 pisse
328 835 412 922 quod
449 838 659 900 necessarium
699 845 794 913 esset,
830 845 867 898 ut
899 834 972 901 Kal.
1007 836 1134 899 Ianuar.
1171 832 1238 898 duo

209 946 353 1012 consules
376 949 407 1012 in
432 950 509 1034 Rep.
533 958 645 1014 essent.
673 947 699 1035 ¹)

264 1059 382 1123 Montio
419 1058 454 1123 fit
490 1059 626 1125 duorum
660 1061 808 1123 Sctorum
842 1058 875 1122 in
910 1058 1039 1145 egregia
1073 1076 1238 1123 cressonis

212 1169 359 1255 epistola,
385 1172 413 1258 ²)
439 1192 520 1257 quac
542 1171 644 1235 multa
668 1171 748 1236 scitu
771 1170 867 1257 digua
890 1170 1028 1234 continet
1049 1167 1088 1233 de
1110 1167 1241 1232 historia

212 1280 342 1346 illorum
373 1294 552 1367 temporum
584 1283 625 1370 (a.
650 1305 682 1349 u.
707 1305 734 1347 c.
760 1282 836 1347 693.
861 1302 890 1346 a.
915 1281 948 1346 C.
974 1280 1028 1368 61)
1054 1280 1240 1366 praesertim

212 1392 251 1457 dc
271 1415 377 1460 eroon
396 1394 601 1473 facinoribus,
624 1416 704 1480 quae
723 1394 813 1459 dictis
832 1393 938 1457 facetis
956 1402 988 1456 et
1003 1391 1121 1456 acerbis
1132 1399 1239 1456 scatet.

210 1505 410 1593 Magistratus
429 1505 512 1570 illius
531 1507 607 1570 anni
626 1505 813 1570 videbantur
829 1504 960 1568 ambitui
980 1503 1099 1581 farere,
1124 1501 1244 1567 idcirco

212 1638 337 1682 eunome
356 1629 387 1681 et
406 1641 540 1684 nonime
553 1617 764 1683 'referentibus
782 1615 845 1680 duo
862 1619 934 1681 Scta
954 1615 1036 1679 facta
1049 1624 1123 1679 sunt
1136 1613 1244 1678 odiosa

212 1726 297 1814 quod
327 1728 359 1792 in
392 1729 552 1794 consulem
586 1729 680 1794 facta·
698 1751 763 1793 esse
794 1728 980 1794 videbantur
1008 1726 1035 1814 ⁸)
1068 1748 1182 1812 nempe
1207 1726 1241 1790 in

213 1862 247 1905 nr.
282 1862 414 1906 ursonem
439 1865 476 1906 eo
499 1864 583 1907 anno
606 1841 767 1906 consulem
791 1864 864 1905 cum
888 1863 921 1905 u.
946 1860 1084 1904 sinemo
1103 1859 1242 1902 mussans

211 1973 324 2030 urano,
350 1946 464 2038 quibus
487 1953 566 2017 Setis
588 1962 731 2018 cautum:

267 2066 293 2130 I.
330 2067 372 2129 Ut
395 2063 480 2150 apud
503 2065 705 2151 magistratus
727 2063 844 2149 inquiri
867 2062 985 2127 liceret.

255 2178 298 2242 ΙΙ.
333 2176 430 2240 Cuius
456 2175 542 2240 domi
563 2175 711 2240 divisores
734 2174 886 2239 haberent
908 2172 1057 2238 adversus
1078 2173 1191 2259 Remp.
1211 2173 1241 2261 ⁴)

257 2285 307 2351 Ad
330 2288 355 2353 Ι.
403 2290 488 2352 llaec
510 2287 710 2372 explicantur
728 2287 845 2371 optime
864 2285 967 2349 verbis
988 2306 1152 2351 nicanorus
1167 2306 1244 2348 mox

215 2397 417 2484 sequentibus
441 2397 462 2464 l.
485 2396 505 2463 l.
553 2448 571 2478 ‚,
580 2397 697 2462 Consul
726 2408 832 2461 autem
863 2397 917 2462 ille
950 2396 1040 2486 (ruso)
1073 2397 1246 2482 suscepisse

213 2509 406 2595 „negotium
437 2507 575 2573 dicitur''
607 2508 732 2596 (nempe
763 2519 800 2572 ut
826 2532 854 2574 u.
878 2531 1043 2573 suasurum
1066 2532 1106 2572 cx
1127 2507 1244 2572 volun-

214 2631 279 2684 tate
299 2643 428 2685 ronrmr
446 2618 607 2684 consulem
622 2618 796 2685 creandum
815 2630 943 2685 curaret
957 2621 1043 2685 omni
1060 2620 1242 2708 largitione)

219 2742 277 2815 „ct
300 2731 385 2796 domi
408 2730 557 2797 divisores
578 2730 732 2810 habere’';
758 2732 855 2818 igitur
877 2731 937 2797 hoc
959 2733 1033 2796 Scto
1056 2744 1185 2797 cautum
1208 2742 1248 2795 ut

216 2843 326 2909 liceret
352 2844 470 2929 inquiri
498 2842 582 2930 apud
606 2844 807 2932 magistratus
833 2865 873 2908 an
897 2842 1067 2909 candidatis
1090 2842 1184 2910 modo
1206 2843 1245 2910 il-

215 2953 301 3020 licito
325 2955 468 3020 faverent
490 2955 586 3022 domi.
637 2941 644 2957 ⁸

234 3067 312 3139 ,Ad
335 3070 375 3132 11.
423 3070 626 3154 Quamquam
649 3090 718 3132 rem
741 3068 882 3132 criticam
905 3089 969 3132 nou
994 3089 1071 3155 ago,
1093 3068 1246 3153 qnoniam

218 3177 279 3243 hoc
306 3200 386 3241 onus
416 3199 618 3262 nequaquam
648 3179 801 3242 sustinere
824 3200 959 3264 possem,
995 3176 1114 3263 aliquid
1138 3190 1245 3244 tamen

219 3289 388 3355 dicendum
410 3300 457 3352 est
479 3287 518 3353 de
541 3289 654 3354 ultimo
676 3289 762 3369 loco,
794 3291 850 3377 qui
873 3291 904 3354 in
932 3290 1119 3356 editionibus
1142 3291 1246 3356 direr-

220 3402 261 3466 sis
283 3401 404 3465 diverse
421 3400 546 3487 legitur.
578 3403 738 3488 Scriptum
756 3413 802 3468 est
821 3425 840 3467 a
857 3426 1011 3469 inunum:
1036 3407 1146 3486 „cuiue
1164 3406 1249 3469 domi

221 3508 391 3594 „divisores
414 3512 559 3577 traherent
575 3512 723 3579 adversus
741 3514 878 3600 Remp.’'
898 3515 993 3601 idque
1013 3525 1098 3581 recte
1116 3524 1153 3579 ut
1171 3514 1249 3580 mihi
1300 3526 1304 3533 '

223 3622 361 3700 videtur3
394 3646 453 3687 nec
479 3624 552 3688 satis
581 3624 689 3689 mirari
718 3646 845 3712 possum
873 3646 1032 3692 ousumnn
1059 3624 1247 3691 scribentem

255 3829 275 3891 ¹)
294 3829 348 3879 Cre.
367 3846 391 3894 p.
410 3831 477 3879 Mur.
498 3836 512 3879 2
531 3831 543 3895 p
562 3839 585 3881 t.
605 3835 637 3881 st
656 3833 669 3896 p
689 3835 728 3880 ts.

256 3907 277 3972 ²)
295 3912 349 3962 Cre.
368 3914 400 3962 ad
418 3915 472 3963 Att.
491 3916 514 3963 Ι.
537 3919 575 3964 to.

257 3993 278 4061 5)
295 3996 349 4047 Cre.
368 4000 400 4047 od
418 4000 472 4048 nn.
492 4000 513 4047 1.
536 4004 575 4047 re.

256 4079 277 4145 4)
294 4084 348 4133 Cre.
367 4084 414 4148 Ep.
432 4084 449 4131 l.
467 4084 541 4146 5¹12.
