<?xml version="1.0" encoding="UTF-8"?>
<!DOCTYPE html PUBLIC "-//W3C//DTD XHTML 1.0 Transitional//EN"
    "http://www.w3.org/TR/xhtml1/DTD/xhtml1-transitional.dtd">
<html xmlns="http://www.w3.org/1999/xhtml" xml:lang="en" lang="en">
 <head>
  <title>
</title>
<meta http-equiv="Content-Type" content="text/html;charset=utf-8" />
  <meta name='ocr-system' content='tesseract 3.04.00' />
  <meta name='ocr-capabilities' content='ocr_page ocr_carea ocr_par ocr_line ocrx_word'/>
</head>
<body>
  <div class='ocr_page' id='page_1' title='image "./disputatiodecri00rinkgoog_0018.png"; bbox 0 0 2910 4950; ppageno 0'>
   <div class='ocr_carea' id='block_1_1' title="bbox 625 645 672 694">
    <p class='ocr_par' dir='ltr' id='par_1_1' title="bbox 625 645 672 694">
     <span class='ocr_line' id='line_1_1' title="bbox 625 645 672 694; baseline 0 0"><span class='ocrx_word' id='word_1_1' title='bbox 625 645 672 694; x_wconf 72' lang='lat' dir='ltr'><strong>1)ss</strong></span> 
     </span>
    </p>
   </div>
   <div class='ocr_carea' id='block_1_2' title="bbox 216 859 1085 955">
    <p class='ocr_par' dir='ltr' id='par_1_2' title="bbox 216 859 1085 955">
     <span class='ocr_line' id='line_1_2' title="bbox 216 859 1085 955; baseline -0.006 -2"><span class='ocrx_word' id='word_1_2' title='bbox 216 863 425 955; x_wconf 82' lang='lat' dir='ltr'><strong>AMBITU</strong></span> <span class='ocrx_word' id='word_1_3' title='bbox 452 863 696 954; x_wconf 82' lang='lat' dir='ltr'>TEMPORE</span> <span class='ocrx_word' id='word_1_4' title='bbox 720 859 1085 953; x_wconf 80' lang='lat' dir='ltr'><strong>REIPUBLIGAE.</strong></span> 
     </span>
    </p>
   </div>
   <div class='ocr_carea' id='block_1_3' title="bbox 498 1519 796 1606">
    <p class='ocr_par' dir='ltr' id='par_1_3' title="bbox 498 1519 796 1606">
     <span class='ocr_line' id='line_1_3' title="bbox 498 1519 796 1606; baseline -0.013 -1"><span class='ocrx_word' id='word_1_5' title='bbox 498 1519 723 1606; x_wconf 84' lang='lat' dir='ltr'>SEOTIO</span> <span class='ocrx_word' id='word_1_6' title='bbox 764 1522 796 1603; x_wconf 94' lang='lat' dir='ltr'><strong>I.</strong></span> 
     </span>
    </p>
   </div>
   <div class='ocr_carea' id='block_1_4' title="bbox 311 1748 982 1794">
    <p class='ocr_par' dir='ltr' id='par_1_4' title="bbox 311 1748 982 1794">
     <span class='ocr_line' id='line_1_4' title="bbox 311 1748 982 1794; baseline -0.007 -2"><span class='ocrx_word' id='word_1_7' title='bbox 311 1752 347 1794; x_wconf 78' lang='lat' dir='ltr'><strong>bu</strong></span> <span class='ocrx_word' id='word_1_8' title='bbox 369 1751 458 1794; x_wconf 75' lang='lat' dir='ltr'>MODIS</span> <span class='ocrx_word' id='word_1_9' title='bbox 480 1750 630 1794; x_wconf 74' lang='lat' dir='ltr'><strong>auulsum</strong></span> <span class='ocrx_word' id='word_1_10' title='bbox 650 1750 757 1792; x_wconf 78' lang='lat' dir='ltr'><strong>mcl‘rls</strong></span> <span class='ocrx_word' id='word_1_11' title='bbox 779 1750 815 1791; x_wconf 76' lang='lat' dir='ltr'><strong>ET</strong></span> <span class='ocrx_word' id='word_1_12' title='bbox 836 1748 982 1791; x_wconf 74' lang='lat' dir='ltr'><strong>lutlcl‘rrs.</strong></span> 
     </span>
    </p>
   </div>
   <div class='ocr_carea' id='block_1_5' title="bbox 557 2006 741 2019">
    <p class='ocr_par' dir='ltr' id='par_1_5' title="bbox 557 2006 741 2019">
     <span class='ocr_line' id='line_1_5' title="bbox 557 2006 741 2019; baseline -0.011 0"><span class='ocrx_word' id='word_1_13' title='bbox 557 2006 741 2019; x_wconf 55' lang='grc' dir='ltr'><strong>-σὲ</strong></span> 
     </span>
    </p>
   </div>
   <div class='ocr_carea' id='block_1_6' title="bbox 134 2215 1160 3871">
    <p class='ocr_par' dir='ltr' id='par_1_6' title="bbox 135 2215 1160 2534">
     <span class='ocr_line' id='line_1_6' title="bbox 185 2215 1160 2305; baseline 0.002 -18"><span class='ocrx_word' id='word_1_14' title='bbox 185 2223 272 2287; x_wconf 85' lang='lat' dir='ltr'><strong>inter</strong></span> <span class='ocrx_word' id='word_1_15' title='bbox 287 2216 419 2286; x_wconf 90' lang='lat' dir='ltr'><strong>crimina</strong></span> <span class='ocrx_word' id='word_1_16' title='bbox 433 2216 559 2305; x_wconf 90' lang='lat' dir='ltr'><strong>publica</strong></span> <span class='ocrx_word' id='word_1_17' title='bbox 570 2218 787 2282; x_wconf 83' lang='lat' dir='ltr'><strong>Romanorum</strong></span> <span class='ocrx_word' id='word_1_18' title='bbox 801 2215 929 2283; x_wconf 88' lang='lat' dir='ltr'><strong>nullum</strong></span> <span class='ocrx_word' id='word_1_19' title='bbox 943 2240 1009 2284; x_wconf 90' lang='lat' dir='ltr'><strong>esse</strong></span> <span class='ocrx_word' id='word_1_20' title='bbox 1024 2221 1160 2290; x_wconf 84' lang='lat' dir='ltr'><strong>arbitror</strong></span> 
     </span>
     <span class='ocr_line' id='line_1_7' title="bbox 139 2327 1159 2420; baseline 0.002 -21"><span class='ocrx_word' id='word_1_21' title='bbox 139 2357 179 2400; x_wconf 79' lang='lat' dir='ltr'><strong>ex</strong></span> <span class='ocrx_word' id='word_1_22' title='bbox 208 2355 273 2420; x_wconf 92' lang='lat' dir='ltr'><strong>quo</strong></span> <span class='ocrx_word' id='word_1_23' title='bbox 302 2331 416 2397; x_wconf 88' lang='lat' dir='ltr'><strong>melius</strong></span> <span class='ocrx_word' id='word_1_24' title='bbox 444 2330 533 2417; x_wconf 84' lang='lat' dir='ltr'><strong>Reip.</strong></span> <span class='ocrx_word' id='word_1_25' title='bbox 565 2327 780 2395; x_wconf 87' lang='lat' dir='ltr'><strong>condicionem</strong></span> <span class='ocrx_word' id='word_1_26' title='bbox 812 2327 941 2397; x_wconf 86' lang='lat' dir='ltr'><strong>diversis</strong></span> <span class='ocrx_word' id='word_1_27' title='bbox 965 2334 1159 2420; x_wconf 79' lang='lat' dir='ltr'><strong>temporibus</strong></span> 
     </span>
     <span class='ocr_line' id='line_1_8' title="bbox 135 2438 873 2534; baseline -0.005 -22"><span class='ocrx_word' id='word_1_28' title='bbox 135 2467 325 2534; x_wconf 70' lang='lat' dir='ltr'>cognoscere</span> <span class='ocrx_word' id='word_1_29' title='bbox 346 2444 443 2531; x_wconf 87' lang='lat' dir='ltr'><strong>possis</strong></span> <span class='ocrx_word' id='word_1_30' title='bbox 465 2464 559 2529; x_wconf 84' lang='lat' dir='ltr'><strong>quam</strong></span> <span class='ocrx_word' id='word_1_31' title='bbox 583 2441 703 2507; x_wconf 87' lang='lat' dir='ltr'>crimen</span> <span class='ocrx_word' id='word_1_32' title='bbox 726 2438 873 2509; x_wconf 82' lang='lat' dir='ltr'><strong>ambitus.</strong></span> 
     </span>
    </p>

    <p class='ocr_par' dir='ltr' id='par_1_7' title="bbox 134 2552 1157 2867">
     <span class='ocr_line' id='line_1_9' title="bbox 180 2552 1157 2645; baseline 0.002 -23"><span class='ocrx_word' id='word_1_33' title='bbox 180 2555 275 2639; x_wconf 86' lang='lat' dir='ltr'><strong>Quod</strong></span> <span class='ocrx_word' id='word_1_34' title='bbox 296 2555 416 2621; x_wconf 84' lang='lat' dir='ltr'><strong>crimen</strong></span> <span class='ocrx_word' id='word_1_35' title='bbox 438 2554 471 2619; x_wconf 92' lang='lat' dir='ltr'><strong>in</strong></span> <span class='ocrx_word' id='word_1_36' title='bbox 493 2552 623 2619; x_wconf 86' lang='lat' dir='ltr'><strong>historia</strong></span> <span class='ocrx_word' id='word_1_37' title='bbox 644 2553 790 2617; x_wconf 84' lang='lat' dir='ltr'><strong>Romana</strong></span> <span class='ocrx_word' id='word_1_38' title='bbox 812 2562 981 2641; x_wconf 87' lang='lat' dir='ltr'><strong>utramque</strong></span> <span class='ocrx_word' id='word_1_39' title='bbox 1004 2554 1079 2622; x_wconf 85' lang='lat' dir='ltr'><strong>facit</strong></span> <span class='ocrx_word' id='word_1_40' title='bbox 1100 2580 1157 2645; x_wconf 91' lang='lat' dir='ltr'><strong>pa-</strong></span> 
     </span>
     <span class='ocr_line' id='line_1_10' title="bbox 134 2662 1157 2758; baseline 0.005 -26"><span class='ocrx_word' id='word_1_41' title='bbox 134 2669 260 2758; x_wconf 82' lang='lat' dir='ltr'><strong>ginam3</strong></span> <span class='ocrx_word' id='word_1_42' title='bbox 282 2664 537 2733; x_wconf 83' lang='lat' dir='ltr'><strong>committebatur</strong></span> <span class='ocrx_word' id='word_1_43' title='bbox 554 2664 639 2729; x_wconf 92' lang='lat' dir='ltr'><strong>enim</strong></span> <span class='ocrx_word' id='word_1_44' title='bbox 654 2662 694 2728; x_wconf 93' lang='lat' dir='ltr'><strong>ab</strong></span> <span class='ocrx_word' id='word_1_45' title='bbox 710 2664 761 2743; x_wconf 90' lang='lat' dir='ltr'><strong>iis,</strong></span> <span class='ocrx_word' id='word_1_46' title='bbox 787 2664 842 2750; x_wconf 92' lang='lat' dir='ltr'><strong>qui</strong></span> <span class='ocrx_word' id='word_1_47' title='bbox 861 2668 1029 2751; x_wconf 83' lang='lat' dir='ltr'><strong>quotannis</strong></span> <span class='ocrx_word' id='word_1_48' title='bbox 1042 2671 1157 2758; x_wconf 84' lang='lat' dir='ltr'><strong>Remp.</strong></span> 
     </span>
     <span class='ocr_line' id='line_1_11' title="bbox 134 2773 961 2867; baseline -0.004 -21"><span class='ocrx_word' id='word_1_49' title='bbox 134 2801 294 2867; x_wconf 80' lang='lat' dir='ltr'><strong>capessere</strong></span> <span class='ocrx_word' id='word_1_50' title='bbox 316 2776 484 2863; x_wconf 88' lang='lat' dir='ltr'><strong>cupiebant</strong></span> <span class='ocrx_word' id='word_1_51' title='bbox 506 2785 537 2840; x_wconf 89' lang='lat' dir='ltr'><strong>et</strong></span> <span class='ocrx_word' id='word_1_52' title='bbox 559 2796 669 2839; x_wconf 90' lang='lat' dir='ltr'><strong>revera</strong></span> <span class='ocrx_word' id='word_1_53' title='bbox 692 2773 961 2844; x_wconf 85' lang='lat' dir='ltr'><strong>administrabant.</strong></span> 
     </span>
    </p>

    <p class='ocr_par' dir='ltr' id='par_1_8' title="bbox 134 2883 1157 3309">
     <span class='ocr_line' id='line_1_12' title="bbox 180 2883 1157 2976; baseline 0.005 -21"><span class='ocrx_word' id='word_1_54' title='bbox 180 2891 295 2955; x_wconf 81' lang='lat' dir='ltr'><strong>Mirum</strong></span> <span class='ocrx_word' id='word_1_55' title='bbox 313 2888 412 2976; x_wconf 85' lang='lat' dir='ltr'><strong>igitur</strong></span> <span class='ocrx_word' id='word_1_56' title='bbox 430 2886 550 2952; x_wconf 90' lang='lat' dir='ltr'><strong>nemini</strong></span> <span class='ocrx_word' id='word_1_57' title='bbox 568 2883 709 2950; x_wconf 86' lang='lat' dir='ltr'><strong>accidere</strong></span> <span class='ocrx_word' id='word_1_58' title='bbox 727 2896 828 2971; x_wconf 85' lang='lat' dir='ltr'><strong>potest</strong></span> <span class='ocrx_word' id='word_1_59' title='bbox 845 2889 909 2953; x_wconf 85' lang='lat' dir='ltr'><strong>iam</strong></span> <span class='ocrx_word' id='word_1_60' title='bbox 927 2888 1045 2956; x_wconf 87' lang='lat' dir='ltr'><strong>multos</strong></span> <span class='ocrx_word' id='word_1_61' title='bbox 1065 2903 1157 2961; x_wconf 85' lang='lat' dir='ltr'><strong>antea</strong></span> 
     </span>
     <span class='ocr_line' id='line_1_13' title="bbox 135 2995 1156 3086; baseline 0.001 -18"><span class='ocrx_word' id='word_1_62' title='bbox 135 3002 302 3081; x_wconf 86' lang='lat' dir='ltr'><strong>exstitisse,</strong></span> <span class='ocrx_word' id='word_1_63' title='bbox 335 3000 391 3086; x_wconf 90' lang='lat' dir='ltr'><strong>qui</strong></span> <span class='ocrx_word' id='word_1_64' title='bbox 419 2998 514 3064; x_wconf 90' lang='lat' dir='ltr'><strong>huius</strong></span> <span class='ocrx_word' id='word_1_65' title='bbox 544 2996 683 3063; x_wconf 91' lang='lat' dir='ltr'><strong>criminis</strong></span> <span class='ocrx_word' id='word_1_66' title='bbox 707 2995 868 3064; x_wconf 90' lang='lat' dir='ltr'><strong>historiam</strong></span> <span class='ocrx_word' id='word_1_67' title='bbox 898 3000 1095 3069; x_wconf 88' lang='lat' dir='ltr'><strong>conscribere</strong></span> <span class='ocrx_word' id='word_1_68' title='bbox 1124 3004 1156 3070; x_wconf 91' lang='lat' dir='ltr'><strong>in</strong></span> 
     </span>
     <span class='ocr_line' id='line_1_14' title="bbox 134 3107 1157 3201; baseline 0.002 -21"><span class='ocrx_word' id='word_1_69' title='bbox 134 3115 277 3180; x_wconf 92' lang='lat' dir='ltr'><strong>animum</strong></span> <span class='ocrx_word' id='word_1_70' title='bbox 300 3110 497 3190; x_wconf 88' lang='lat' dir='ltr'><strong>induxerint;</strong></span> <span class='ocrx_word' id='word_1_71' title='bbox 522 3108 577 3175; x_wconf 90' lang='lat' dir='ltr'><strong>sed</strong></span> <span class='ocrx_word' id='word_1_72' title='bbox 602 3107 705 3175; x_wconf 89' lang='lat' dir='ltr'><strong>adhuc</strong></span> <span class='ocrx_word' id='word_1_73' title='bbox 723 3108 825 3175; x_wconf 90' lang='lat' dir='ltr'><strong>multa</strong></span> <span class='ocrx_word' id='word_1_74' title='bbox 843 3121 973 3178; x_wconf 87' lang='lat' dir='ltr'><strong>manent</strong></span> <span class='ocrx_word' id='word_1_75' title='bbox 990 3135 1157 3201; x_wconf 87' lang='lat' dir='ltr'><strong>perperam</strong></span> 
     </span>
     <span class='ocr_line' id='line_1_15' title="bbox 134 3220 724 3309; baseline -0.008 -16"><span class='ocrx_word' id='word_1_76' title='bbox 134 3225 293 3292; x_wconf 89' lang='lat' dir='ltr'><strong>intellecta</strong></span> <span class='ocrx_word' id='word_1_77' title='bbox 315 3223 367 3290; x_wconf 89' lang='lat' dir='ltr'><strong>vel</strong></span> <span class='ocrx_word' id='word_1_78' title='bbox 388 3246 454 3289; x_wconf 91' lang='lat' dir='ltr'><strong>uon</strong></span> <span class='ocrx_word' id='word_1_79' title='bbox 476 3223 549 3287; x_wconf 89' lang='lat' dir='ltr'><strong>satis</strong></span> <span class='ocrx_word' id='word_1_80' title='bbox 571 3220 724 3309; x_wconf 77' lang='lat' dir='ltr'><strong>expedita.</strong></span> 
     </span>
    </p>

    <p class='ocr_par' dir='ltr' id='par_1_9' title="bbox 134 3333 1159 3871">
     <span class='ocr_line' id='line_1_16' title="bbox 178 3333 1158 3422; baseline 0.004 -18"><span class='ocrx_word' id='word_1_81' title='bbox 178 3337 274 3405; x_wconf 87' lang='lat' dir='ltr'><strong>Cuius</strong></span> <span class='ocrx_word' id='word_1_82' title='bbox 296 3337 343 3403; x_wconf 88' lang='lat' dir='ltr'><strong>rei</strong></span> <span class='ocrx_word' id='word_1_83' title='bbox 365 3357 466 3422; x_wconf 88' lang='lat' dir='ltr'><strong>quum</strong></span> <span class='ocrx_word' id='word_1_84' title='bbox 489 3333 608 3401; x_wconf 86' lang='lat' dir='ltr'><strong>multae</strong></span> <span class='ocrx_word' id='word_1_85' title='bbox 630 3333 711 3399; x_wconf 86' lang='lat' dir='ltr'><strong>aliae</strong></span> <span class='ocrx_word' id='word_1_86' title='bbox 733 3356 860 3401; x_wconf 88' lang='lat' dir='ltr'><strong>caussae</strong></span> <span class='ocrx_word' id='word_1_87' title='bbox 882 3338 961 3417; x_wconf 88' lang='lat' dir='ltr'><strong>sint,</strong></span> <span class='ocrx_word' id='word_1_88' title='bbox 985 3346 1052 3403; x_wconf 89' lang='lat' dir='ltr'><strong>tum</strong></span> <span class='ocrx_word' id='word_1_89' title='bbox 1076 3339 1158 3409; x_wconf 89' lang='lat' dir='ltr'><strong>inter</strong></span> 
     </span>
     <span class='ocr_line' id='line_1_17' title="bbox 134 3443 1159 3536; baseline 0.004 -21"><span class='ocrx_word' id='word_1_90' title='bbox 134 3449 252 3536; x_wconf 89' lang='lat' dir='ltr'><strong>primas</strong></span> <span class='ocrx_word' id='word_1_91' title='bbox 275 3446 354 3513; x_wconf 88' lang='lat' dir='ltr'><strong>haec</strong></span> <span class='ocrx_word' id='word_1_92' title='bbox 384 3443 582 3512; x_wconf 86' lang='lat' dir='ltr'><strong>numeranda</strong></span> <span class='ocrx_word' id='word_1_93' title='bbox 608 3466 674 3509; x_wconf 89' lang='lat' dir='ltr'><strong>esse</strong></span> <span class='ocrx_word' id='word_1_94' title='bbox 701 3444 838 3526; x_wconf 88' lang='lat' dir='ltr'><strong>videtur,</strong></span> <span class='ocrx_word' id='word_1_95' title='bbox 870 3447 954 3533; x_wconf 90' lang='lat' dir='ltr'><strong>quod</strong></span> <span class='ocrx_word' id='word_1_96' title='bbox 981 3448 1028 3515; x_wconf 90' lang='lat' dir='ltr'><strong>illi</strong></span> <span class='ocrx_word' id='word_1_97' title='bbox 1050 3472 1159 3519; x_wconf 88' lang='lat' dir='ltr'><strong>omnes</strong></span> 
     </span>
     <span class='ocr_line' id='line_1_18' title="bbox 137 3555 1157 3650; baseline 0.006 -26"><span class='ocrx_word' id='word_1_98' title='bbox 137 3560 284 3625; x_wconf 90' lang='lat' dir='ltr'><strong>iurarunt</strong></span> <span class='ocrx_word' id='word_1_99' title='bbox 305 3560 339 3625; x_wconf 91' lang='lat' dir='ltr'><strong>in</strong></span> <span class='ocrx_word' id='word_1_100' title='bbox 361 3557 458 3624; x_wconf 82' lang='lat' dir='ltr'><strong>verba</strong></span> <span class='ocrx_word' id='word_1_101' title='bbox 479 3579 598 3624; x_wconf 71' lang='lat' dir='ltr'><strong>cenom</strong></span> <span class='ocrx_word' id='word_1_102' title='bbox 620 3579 740 3622; x_wconf 83' lang='lat' dir='ltr'><strong>sroonn</strong></span> <span class='ocrx_word' id='word_1_103' title='bbox 765 3555 791 3647; x_wconf 90' lang='lat'><strong>¹)</strong></span> <span class='ocrx_word' id='word_1_104' title='bbox 817 3557 876 3623; x_wconf 82' lang='lat' dir='ltr'><strong>viri</strong></span> <span class='ocrx_word' id='word_1_105' title='bbox 899 3561 1007 3650; x_wconf 83' lang='lat' dir='ltr'><strong>magni</strong></span> <span class='ocrx_word' id='word_1_106' title='bbox 1030 3562 1157 3648; x_wconf 88' lang='lat' dir='ltr'><strong>quidem</strong></span> 
     </span>
     <span class='ocr_line' id='line_1_19' title="bbox 135 3668 1158 3759; baseline 0.006 -24"><span class='ocrx_word' id='word_1_107' title='bbox 135 3670 272 3736; x_wconf 88' lang='lat' dir='ltr'><strong>nominis</strong></span> <span class='ocrx_word' id='word_1_108' title='bbox 289 3678 320 3735; x_wconf 92' lang='lat' dir='ltr'><strong>ct</strong></span> <span class='ocrx_word' id='word_1_109' title='bbox 340 3671 476 3759; x_wconf 88' lang='lat' dir='ltr'><strong>ingentis</strong></span> <span class='ocrx_word' id='word_1_110' title='bbox 494 3669 655 3736; x_wconf 87' lang='lat' dir='ltr'><strong>doctrinae</strong></span> <span class='ocrx_word' id='word_1_111' title='bbox 674 3668 728 3735; x_wconf 88' lang='lat' dir='ltr'><strong>sed</strong></span> <span class='ocrx_word' id='word_1_112' title='bbox 751 3670 806 3756; x_wconf 91' lang='lat' dir='ltr'><strong>qui</strong></span> <span class='ocrx_word' id='word_1_113' title='bbox 828 3668 944 3737; x_wconf 89' lang='lat' dir='ltr'><strong>multas</strong></span> <span class='ocrx_word' id='word_1_114' title='bbox 962 3675 1158 3758; x_wconf 87' lang='lat' dir='ltr'><strong>quaestiones</strong></span> 
     </span>
     <span class='ocr_line' id='line_1_20' title="bbox 137 3779 1157 3871; baseline 0.007 -25"><span class='ocrx_word' id='word_1_115' title='bbox 137 3779 249 3847; x_wconf 61' lang='lat' dir='ltr'><strong>lexiter</strong></span> <span class='ocrx_word' id='word_1_116' title='bbox 277 3789 334 3846; x_wconf 87' lang='lat' dir='ltr'><strong>aut</strong></span> <span class='ocrx_word' id='word_1_117' title='bbox 365 3782 495 3848; x_wconf 90' lang='lat' dir='ltr'><strong>omnino</strong></span> <span class='ocrx_word' id='word_1_118' title='bbox 522 3804 588 3848; x_wconf 92' lang='lat' dir='ltr'><strong>non</strong></span> <span class='ocrx_word' id='word_1_119' title='bbox 620 3781 738 3871; x_wconf 64' lang='lat' dir='ltr'><strong>artigia</strong></span> <span class='ocrx_word' id='word_1_120' title='bbox 770 3781 803 3847; x_wconf 91' lang='lat' dir='ltr'><strong>in</strong></span> <span class='ocrx_word' id='word_1_121' title='bbox 834 3781 903 3849; x_wconf 88' lang='lat' dir='ltr'><strong>aliis</strong></span> <span class='ocrx_word' id='word_1_122' title='bbox 931 3782 1054 3863; x_wconf 90' lang='lat' dir='ltr'><strong>multis,</strong></span> <span class='ocrx_word' id='word_1_123' title='bbox 1092 3808 1157 3855; x_wconf 88' lang='lat' dir='ltr'><strong>non</strong></span> 
     </span>
    </p>
   </div>
   <div class='ocr_carea' id='block_1_7' title="bbox 169 4026 976 4182">
    <p class='ocr_par' dir='ltr' id='par_1_10' title="bbox 169 4026 976 4182">
     <span class='ocr_line' id='line_1_21' title="bbox 169 4026 927 4094; baseline -0.001 -14"><span class='ocrx_word' id='word_1_124' title='bbox 169 4026 190 4093; x_wconf 85' lang='lat'><strong>¹)</strong></span> <span class='ocrx_word' id='word_1_125' title='bbox 208 4028 313 4094; x_wconf 82' lang='lat' dir='ltr'><strong>Scripsit</strong></span> <span class='ocrx_word' id='word_1_126' title='bbox 329 4026 373 4077; x_wconf 83' lang='lat' dir='ltr'><strong>illc</strong></span> <span class='ocrx_word' id='word_1_127' title='bbox 390 4027 422 4077; x_wconf 86' lang='lat' dir='ltr'><strong>dc</strong></span> <span class='ocrx_word' id='word_1_128' title='bbox 439 4027 545 4078; x_wconf 70' lang='lat' dir='ltr'><strong>acubitu:</strong></span> <span class='ocrx_word' id='word_1_129' title='bbox 563 4028 607 4078; x_wconf 84' lang='lat' dir='ltr'><strong>lib.</strong></span> <span class='ocrx_word' id='word_1_130' title='bbox 625 4029 661 4078; x_wconf 91' lang='lat'><strong>11.</strong></span> <span class='ocrx_word' id='word_1_131' title='bbox 679 4028 711 4080; x_wconf 87' lang='lat' dir='ltr'><strong>de</strong></span> <span class='ocrx_word' id='word_1_132' title='bbox 728 4027 830 4080; x_wconf 84' lang='lat' dir='ltr'><strong>Iudiciis</strong></span> <span class='ocrx_word' id='word_1_133' title='bbox 846 4044 867 4078; x_wconf 89' lang='lat' dir='ltr'><strong>c.</strong></span> <span class='ocrx_word' id='word_1_134' title='bbox 886 4033 927 4079; x_wconf 79' lang='lat'><strong>³0.</strong></span> 
     </span>
     <span class='ocr_line' id='line_1_22' title="bbox 960 4121 976 4182; baseline 0 0"><span class='ocrx_word' id='word_1_135' title='bbox 960 4121 976 4182; x_wconf 82' lang='lat'>1</span> 
     </span>
    </p>
   </div>
   <div class='ocr_carea' id='block_1_8' title="bbox 0 0 1460 4950">
    <p class='ocr_par' dir='ltr' id='par_1_11' title="bbox 0 0 1460 4950">
     <span class='ocr_line' id='line_1_23' title="bbox 0 0 1460 4950; baseline 0 1"><span class='ocrx_word' id='word_1_136' title='bbox 0 0 1460 4950; x_wconf 95' lang='lat' dir='ltr'><strong> </strong></span> 
     </span>
    </p>
   </div>
  </div>
 </body>
</html>
