2910 4950
695 375 737 438 40

208 584 452 656 demonstrabit?
505 583 693 668 Ceteroquin
726 591 838 646 notum
871 592 918 647 est
946 583 1122 670 saepissime
1153 587 1233 671 leyen
1291 565 1298 575 ⁵

208 699 269 765 diei
292 699 347 762 ubi
369 697 407 763 de
429 718 494 762 una
514 705 639 761 tantum
663 694 734 782 lege
759 716 862 759 sermo
884 705 946 773 est,
976 695 1232 783 quandoquidem

209 834 311 877 unum
324 823 419 896 eaput
437 810 516 897 legis
533 806 647 872 dicitur
666 810 731 886 lea,
751 807 795 872 sic
809 807 956 872 mriversa
970 810 1020 875 lec
1033 830 1125 895 saepe
1141 812 1232 895 oyes.

210 923 269 988 Hic
291 920 423 1008 pluralis
445 922 538 985 etiam
562 941 742 984 urrunnun
764 920 797 984 in
819 919 891 1008 lege
913 920 1030 986 Licinia
1052 919 1092 986 de
1114 920 1234 987 sodali·

209 1033 269 1100 bus
292 1031 492 1121 turbavit1).

256 1145 367 1211 Melius
386 1144 467 1210 duco
488 1166 561 1209 cum
580 1165 709 1209 nnumo
728 1141 831 1208 dicere
849 1139 1051 1230 non'liquere
1070 1141 1146 1230 quid
1164 1142 1236 1233 lege

210 1256 326 1324 Baebia
352 1256 496 1324 Cornelia
526 1265 678 1321 statutum
709 1253 819 1333 fuerit,
853 1276 948 1340 quam
978 1253 1145 1341 indulgere
1172 1256 1237 1321 istis

211 1369 418 1458 opinionibus.

256 1483 464 1568 Nequaquam
488 1479 621 1567 probare
643 1502 771 1566 possum
802 1501 931 1543 osanam
959 1490 991 1545 et
1012 1501 1159 1558 mirum,
1184 1480 1241 1565 qui

215 1593 350 1660 indicem
374 1593 482 1680 legum
505 1592 711 1657 confecerunt
732 1592 765 1656 in
793 1590 907 1656 Onom.
932 1590 1016 1657 Tull.
1040 1592 1086 1655 Ill
1108 1612 1168 1655 nec
1191 1613 1241 1655 rr·
1331 1676 1336 1683 Ι

130 1785 132 1789 ι
213 1728 327 1774 scanni
339 1705 523 1769 sententiam
537 1702 564 1784 2)
591 1702 698 1767 locum
716 1701 907 1767 Scholiastae
924 1702 1084 1767 Bobiensis
1101 1700 1142 1767 ad
1157 1700 1241 1767 hanc

215 1817 320 1905 legem
342 1815 520 1881 Corneliam
544 1813 692 1878 Baebiam
715 1814 742 1902 ³)
767 1813 982 1880 referentium.

259 1925 479 1994 contuderunt
501 1924 547 1991 illi
569 1938 714 1991 auctores
733 1924 820 2013 leges
830 1925 978 1990 Baebium
1000 1935 1033 1990 et
1045 1924 1240 1991 Corneliam:

215 2059 314 2124 quum
334 2038 476 2103 animum
495 2061 559 2103 non
575 2036 766 2103 attenderint
786 2035 825 2102 ad
840 2045 1034 2102 constantem
1050 2037 1241 2123 scriptorum

214 2150 434 2214 Romanorum
457 2171 561 2215 usum.
672 2192 678 2205 ·

261 2262 331 2325 Non
362 2259 464 2324 solent
493 2261 577 2324 enim
607 2263 825 2326 Romanorum
860 2261 945 2349 leges
971 2259 1094 2325 diverso
1116 2261 1245 2326 nomine

219 2370 356 2437 auctoris
380 2369 504 2451 laudari
526 2392 546 2435 a
568 2369 770 2457 scriptoribus
787 2370 920 2436 Graecis
945 2370 1108 2438 latinisve.
1156 2370 1247 2452 Quae

218 2504 386 2549 ciceronis
418 2481 504 2570 leges
538 2481 688 2547 dicuntur
723 2481 845 2547 Tulliae
879 2502 1045 2567 nunquam
1084 2481 1248 2568 inscriptas

221 2594 335 2680 aliquis
358 2591 436 2657 vidit
456 2593 625 2673 Antoniam
656 2616 715 2659 nec
738 2593 841 2682 legem
864 2593 1015 2658 liciniam
1037 2592 1077 2659 de
1099 2592 1248 2659 sodalitiis

220 2728 364 2793 unquam
390 2703 507 2770 dictam
538 2705 649 2791 opinor
679 2706 861 2792 Pompeiam
890 2705 1034 2791 quamvis
1059 2727 1197 2769 nonnam
1221 2728 1247 2771 11

221 2839 338 2884 cansso
358 2840 384 2880 ιι
408 2839 484 2883 coss.
509 2815 573 2881 lata
596 2816 643 2882 sit.
690 2816 741 2882 Sic
766 2816 818 2882 lex
840 2817 873 2881 in
894 2816 1004 2882 eodem
1020 2815 1187 2882 consulatu
1206 2815 1247 2882 ab

221 2926 331 2994 iisdem
344 2951 420 2994 coss.
435 2927 515 3007 lata,
533 2927 695 2993 iudiciaria
714 2949 838 3014 semper
856 2940 888 2993 et
906 2928 1023 3015 ubique
1038 2938 1085 2994 est
1100 2928 1248 3014 Pompeia

223 3061 390 3125 nunquam
412 3039 530 3104 Licinia
558 3040 654 3105 etsie
678 3041 710 3104 in
734 3040 853 3106 ceteris.
901 3040 991 3121 Quae
1014 3041 1113 3128 igitur
1134 3039 1250 3105 dieitur

221 3151 273 3218 lex
302 3150 423 3215 Baebia
453 3140 559 3237 apa?
568 3173 687 3216 rssrun
717 3162 749 3215 et
778 3173 901 3216 nonum
927 3150 962 3217 ll.
986 3151 1021 3217 ll.
1052 3175 1118 3218 non
1148 3161 1251 3239 potest

224 3260 333 3327 eadem
357 3284 438 3340 esse,
468 3284 550 3348 quae
573 3261 658 3349 apud
679 3261 783 3329 Schol.
808 3263 884 3330 Bob.
913 3263 1028 3329 dieitur
1048 3265 1204 3332 Cornelia.

270 3372 360 3453 Quae
377 3393 477 3457 quum
496 3372 539 3436 ita
561 3373 624 3437 sint
646 3394 810 3460 quumque
833 3374 866 3438 in
890 3397 978 3443 1.th
1003 3374 1024 3443 l.
1037 3374 1059 3441 l.
1083 3375 1174 3441 nulla
1196 3374 1251 3442 fiat

226 3485 344 3549 mentio
367 3482 445 3571 legis
467 3484 619 3562 nominis,
644 3483 857 3570 repudiandus
880 3496 926 3551 est
948 3485 1037 3552 locus
1058 3486 1250 3553 Scholiastae

232 3652 432 3661 ——.———-
439 3652 472 3659 .-

263 3752 283 3817 1)
301 3750 411 3801 Praolnt.
429 3751 462 3800 ad
478 3749 652 3799 I'lancianam.
674 3765 699 3813 p.
714 3749 844 3799 LXXIII.
862 3751 919 3800 vide
936 3750 1002 3800 intra
1019 3757 1043 3802 et
1057 3764 1253 3812 nonasmmu,

227 3835 271 3899 qui
288 3836 361 3898 plura
378 3835 452 3884 huius
469 3835 507 3883 rei
524 3834 642 3898 exempla
658 3833 730 3883 affert
753 3834 780 3882 in
804 3847 891 3897 opere:
915 3832 945 3881 cle
964 3832 1069 3899 eollepiia
1085 3841 1108 3882 et
1132 3831 1254 3884 sodattiis

228 3918 397 3970 Romanorum.
415 3936 439 3985 p.
459 3925 499 3969 ⁴³.

264 4002 285 4069 ἲ)
303 4005 436 4055 Riimische
453 4002 598 4053 Zeittafaln.
632 4003 744 4052 Attanae
764 4005 837 4052 18⁴5.

263 4087 283 4157 ³)
301 4091 386 4141 Schol.
405 4091 469 4141 Bcb.
487 4088 553 4153 apud
570 4101 665 4138 oanan.
684 4102 708 4153 p.
727 4089 786 4137 361.
804 4103 828 4152 p.
848 4093 888 4137 2³²
909 4090 968 4141 Vct.
984 4091 1018 4139 V.

285 4328 301 4356 ί
