2910 4950
643 426 683 492 81

156 642 283 728 „prima
311 636 350 704 de
377 635 610 726 magistratibus
639 633 833 700 mandandis.
881 635 925 697 Ea
953 644 999 697 est
1024 633 1174 712 Gabinia,

156 754 245 836 „lata
272 752 312 818 ab
340 752 469 817 homine
497 750 604 836 ignoto
627 757 659 812 et
680 744 838 811 sordido.''
863 782 964 795 --
986 743 1120 825 „videtis
1145 746 1172 831 ι)

155 864 213 945 ,,ῐιι
242 860 376 937 tabella,
408 860 471 925 iam
496 869 568 922 ante
591 866 710 943 quauta
732 855 815 921 facta
836 856 875 920 sit
898 853 1049 920 labes-
1072 856 1177 940 primo

154 973 314 1056 „Gabinia
337 969 429 1058 lege”
454 980 525 1034 cett.

200 1085 280 1169 Apte
308 1082 340 1149 h.
361 1082 382 1148 l.
407 1091 507 1168 potest
532 1081 646 1167 exponi
676 1077 835 1165 quomodo
865 1078 1018 1164 suffragia
1046 1076 1177 1144 tulerint

152 1195 298 1260 Romani.
345 1193 509 1257 Dabantur
535 1191 669 1257 tabellae
691 1191 723 1254 in
747 1189 893 1266 comitiis,
918 1211 982 1252 non
1006 1187 1100 1253 domo
1123 1211 1175 1254 eas

151 1306 326 1371 afferebant
359 1305 496 1387 Quirites
520 1302 561 1390 2).
610 1302 711 1383 „Prso
745 1299 856 1365 consul
890 1299 972 1364 lator
1004 1300 1177 1386 rogationis

152 1417 261 1500 „idem
290 1426 359 1481 erat
380 1416 553 1493 dissuasor}
585 1433 700 1498 operae
722 1410 889 1476 Clodianae
908 1419 1017 1496 pontes
1036 1433 1176 1497 occupa-

152 1538 267 1610 „rant,
307 1525 442 1591 tabellae
479 1523 737 1590 ministrabantur
772 1524 816 1588 ita
845 1532 882 1587 ut
910 1521 1000 1588 nulla
1030 1522 1173 1589 daretur:

76 1726 80 1732 ,
151 1640 225 1723 „uti
246 1636 374 1725 roga8.’'

196 1748 352 1816 Videntur
373 1747 507 1812 tabellae
529 1745 620 1811 datae
638 1754 749 1832 pontes
767 1744 1069 1832 transgredientibus
1088 1749 1174 1833 quod

149 1859 295 1925 firmatur
319 1881 453 1925 nummo
475 1857 612 1945 quodam
636 1858 737 1945 gentis
759 1856 869 1935 Siliae,
895 1879 990 1942 quem
1013 1857 1175 1944 descripsit

150 1984 311 2037 corsuna
334 1971 382 2058 ⁸),
408 1970 462 2056 qui
485 1971 529 2035 sic
550 1968 670 2034 scribit:
695 1968 752 2049 „in
775 1967 1009 2053 magistratibus
1030 1969 1174 2036 creandis

149 2093 221 2167 „tot
246 2082 402 2147 dabantur
430 2079 580 2158 tabellae,
604 2089 683 2164 quot
705 2088 796 2142 erant
817 2077 1007 2144 candidati.’'
1034 2079 1061 2167 ⁴)
1088 2080 1173 2146 unde

147 2197 221 2260 iure
250 2192 409 2258 videretur
435 2190 548 2277 aliquis
577 2189 731 2257 conficere
752 2212 855 2276 posse,
879 2190 1037 2255 neminem
1061 2191 1172 2257 candi-

148 2305 259 2372 datum
290 2328 355 2371 esse
384 2327 489 2391 posse,
519 2302 569 2367 vei
599 2301 720 2367 nullius
746 2301 855 2366 haberi
884 2323 972 2387 posse
1000 2302 1170 2383 rationem,

148 2440 245 2504 quam
280 2417 335 2502 qui
364 2414 449 2502 apud
478 2415 697 2503 magistratum
728 2413 885 2501 professus
907 2413 1025 2483 fuisset.
1075 2418 1173 2481 Erant

147 2528 224 2594 illae
259 2527 393 2593 tabellae
429 2528 594 2614 insignitae
629 2526 739 2591 litteris
776 2525 933 2612 prioribus
966 2527 1171 2594 uniuscuius-

146 2663 211 2726 que
238 2639 263 2726 ⁵)
298 2640 341 2703 ita
371 2649 408 2703 ut
425 2638 554 2703 fraudes
577 2637 845 2723 impudentissime
870 2648 995 2722 possent
1018 2640 1171 2705 committi

146 2751 190 2817 ab
222 2774 277 2830 eo,
312 2750 368 2834 qui
401 2750 533 2815 comitiis
565 2757 720 2834 praeerat.
771 2747 849 2811 Inde
878 2748 1063 2832 explicanda
1096 2761 1171 2816 sunt

146 2862 247 2928 verba
277 2880 459 2925 cressonis:
486 2859 514 2946 ⁶)
563 2859 715 2941 „Quaero
742 2857 797 2920 abs
822 2868 852 2921 te
876 2848 1022 2923 teneasne
1046 2884 1171 2928 merno-

383 3038 388 3055 t

182 3093 202 3162 ι)
220 3094 278 3146 Cro.
294 3094 326 3144 de
343 3092 428 3143 Amic.
450 3095 489 3139 12.
509 3090 524 3152 ς
542 3093 583 3138 tl.

181 3177 202 3246 1)
219 3180 274 3230 Cic.
291 3180 322 3230 ιιι]
341 3179 398 3227 nn.
417 3177 438 3225 1.
458 3180 482 3224 9.
509 3174 679 3233 tibarenses,
702 3167 794 3221 Variae
812 3171 921 3223 lectionar
935 3189 959 3239 p.
978 3173 1127 3230 CXLI'III.

180 3261 202 3329 ὅ)
218 3264 351 3314 Gtirrrmo
369 3278 409 3325 op.
428 3261 445 3309 i.
464 3274 488 3323 p·
509 3262 568 3307 393.
587 3274 612 3307 n
629 3262 652 3306 8·

180 3347 201 3404 *i
218 3350 271 3413 Ipsi
298 3348 409 3409 Quirites
435 3359 477 3395 eas
502 3342 607 3393 tabelias
633 3342 800 3392 inscribebant
826 3350 854 3392 ut
875 3344 941 3408 apud
963 3342 1071 3395 Graecos
1094 3348 1170 3399 etium

145 3435 222 3484 moria
239 3435 287 3483 fuit
305 3434 403 3497 (notum
419 3438 456 3480 est
472 3429 540 3479 eninr
556 3428 618 3493 quid
637 3428 744 3476 Aristidi
762 3428 877 3477 acciderit
895 3444 972 3492 quum
989 3431 1020 3480 de
1036 3446 1080 3479 suo
1095 3442 1170 3485 ostra·

144 3520 223 3569 cismo
241 3518 378 3580 agebatur).
406 3516 480 3565 Para.
497 3515 543 3577 Ep.
559 3514 608 3562 IV.
629 3516 669 3559 25.
704 3512 785 3562 Peos.
800 3512 864 3562 Cato
880 3513 946 3563 iilia.
966 3520 1006 3564 46.
1023 3531 1170 3568 warnerus

144 3604 188 3668 qui
211 3602 314 3666 explicit
337 3603 363 3650 iu
387 3600 578 3662 magistratuum
600 3597 724 3647 metatione
747 3597 805 3645 addi
822 3612 873 3649 uon
891 3599 925 3647 U.
943 3600 973 3649 n.
992 3602 1036 3650 sed
1052 3605 1169 3652 creando-

150 3703 206 3737 rum
225 3701 326 3736 nomen.
366 3680 428 3732 Ver.
446 3680 513 3732 Lcct.
531 3697 555 3746 p.
574 3680 724 3732 CXLVIII.
743 3682 801 3731 vide
819 3689 903 3731 uotam
921 3696 972 3746 seq.

179 3768 200 3836 ⁵)
216 3773 277 3821 Non
301 3768 357 3819 fieri
383 3768 573 3830 magistratuum
598 3766 750 3816 creationem
776 3780 820 3829 per
845 3765 951 3815 tabellas
973 3767 1006 3817 U.
1031 3768 1061 3817 It
1086 3776 1111 3817 et
1132 3769 1166 3818 Λ.

144 3864 211 3906 recte
233 3856 387 3904 demonstrat
409 3865 520 3902 eamr.
538 3851 586 3913 Ep.
603 3850 655 3899 III
673 3856 703 3908 4,
727 3849 776 3899 uisi
798 3848 820 3896 si
837 3862 920 3897 sermo
937 3860 1001 3899 osset
1017 3851 1049 3899 de
1066 3854 1169 3903 orrnsrrle

145 3939 295 3989 nemineum
311 3936 419 3987 meando
435 3943 464 3985 ut
480 3950 505 3983 v.
520 3950 542 3983 c.
561 3933 653 3985 iactum
669 3942 707 3985 ea
720 3933 747 3982 in
761 3945 937 3991 ueniamus,
959 3946 1068 3983 caream
1088 3952 1168 3999 quiam

144 4022 317 4071 subiciebatur.

179 4102 200 4169 ¹⁵)
218 4104 273 4156 Cro.
291 4106 318 4154 in
337 4107 396 4155 I'at
416 4107 430 4151 5
451 4104 466 4164 ς
487 4105 525 4150 ll.

1013 4192 1031 4253 d
