2910 4950
697 418 759 482 121

218 647 314 711 quam
337 623 515 713 accedente)
542 623 639 689 classo
661 624 818 689 solarem
842 646 906 688 non
926 622 1125 701 conficiente,
1150 620 1241 687 facile

218 735 277 801 hoc
299 735 405 801 locum
428 735 574 815 haberet,
600 736 684 821 quod
706 760 793 801 nunc
815 758 941 823 ponam.
989 737 1036 799 Eu
1058 736 1095 800 D.
1116 744 1241 799 senten·

215 846 259 911 tia
284 848 347 912 193
372 849 533 913 centuriae
554 850 587 912 in
608 849 799 936 suffragium
822 847 1031 913 vocabantur:
1056 846 1124 910 ficri
1143 847 1241 933 igitur

217 956 308 1022 facile
331 960 433 1044 potuit
456 961 570 1025 ut150
592 960 642 1024 vel
665 959 773 1046 plures
792 961 885 1024 etiam
907 959 1069 1024 centuriae
1087 957 1241 1043 suffragia

215 1068 348 1133 tulerint
384 1079 553 1155 antequam
586 1072 688 1136 maior
720 1072 937 1136 centuriarum
971 1093 1124 1135 numerus
1157 1091 1240 1133 eun-

214 1177 287 1243 dern
319 1176 439 1243 fecisset
472 1189 504 1244 et
532 1180 611 1244 nihil
640 1204 769 1266 prorsus
798 1181 859 1246 hoc
897 1180 990 1245 modo
1024 1180 1239 1266 proficeretur.

214 1289 299 1370 Quid
325 1291 468 1355 sinemo
502 1293 653 1357 maiorem
688 1293 902 1357 centuriarum
937 1301 1061 1378 partem
1092 1291 1238 1355 tulisset?

212 1401 362 1465 Essentne
395 1402 510 1466 iterum
545 1403 682 1484 Quirites
712 1404 744 1467 in
775 1403 964 1489 suffragium
998 1399 1161 1468 mittendi?
1207 1401 1241 1466 si

213 1535 278 1577 non
312 1514 428 1578 iterum
463 1514 669 1579 mittebantur
706 1517 812 1580 omnia
845 1515 998 1602 suffragia
1031 1522 1115 1578 certe
1149 1521 1240 1578 erant

212 1621 392 1702 diribenda,
423 1634 455 1689 et
484 1625 562 1691 nibil
592 1649 721 1712 prorsus
743 1625 958 1712 proficeretur.
1006 1624 1067 1690 Sed
1088 1625 1113 1689 si
1136 1646 1238 1710 pona-

212 1757 285 1799 mus
306 1757 392 1801 roco.
422 1737 704 1824 „prorogationem
727 1735 805 1824 legis
827 1733 993 1800 Maniliae''
1018 1744 1089 1800 cett.
1114 1734 1236 1820 apposi-

211 1847 328 1911 tionem
341 1871 419 1926 esse,
440 1850 592 1925 uterium,
609 1870 713 1913 voce:
731 1847 970 1928 „confusionem
985 1844 1235 1931 suffragiorum‘’

212 1957 309 2044 longe
339 1958 425 2023 aliud
459 1958 536 2044 quid
566 1960 695 2024 orietur.
741 1959 872 2022 Initium
903 1957 1053 2022 faciemus
1084 1956 1182 2043 igitur
1204 1955 1238 2020 in

211 2068 461 2154 interpretando,
500 2069 576 2155 quid
614 2069 684 2156 lege
717 2068 860 2146 Manilia,
904 2067 980 2152 quid
1014 2066 1237 2152 prorogatione

211 2181 251 2245 sit
280 2180 522 2268 intelligendum
553 2192 589 2246 ut
614 2180 697 2246 bisce
720 2181 852 2269 cognitis
875 2190 1073 2244 revertamur
1095 2176 1135 2244 ad
1157 2199 1237 2242 con-

211 2291 366 2357 fusionem
390 2293 625 2380 suffragiorum.

255 2405 371 2492 Legem
390 2403 563 2483 Manilium,
584 2405 718 2493 intelligi
737 2427 806 2470 eam
827 2403 931 2493 legem
949 2404 1044 2469 latam
1063 2424 1127 2468 ac,
1141 2424 1236 2468 uarr-

211 2537 265 2581 aro
289 2528 351 2597 „ut
374 2514 509 2581 libertini
532 2518 564 2581 in
581 2517 726 2582 omnibus
749 2516 894 2582 tribubus
915 2515 1068 2602 suffragia
1091 2512 1231 2579 ferrent’'

210 2629 243 2693 in
281 2629 387 2715 aprico
424 2638 470 2694 est
502 2629 528 2693 si
561 2650 721 2694 asnorum
754 2629 934 2715 inspexeris.
969 2629 996 2719 1)
1045 2625 1131 2692 Tulit
1164 2648 1235 2692 eam

211 2738 314 2827 legem
353 2740 435 2805 idem
474 2762 642 2817 uiuimus,
685 2741 740 2826 qui
778 2740 817 2804 de
850 2741 983 2826 imperio
1019 2762 1069 2804 ca.
1106 2761 1235 2804 rourau
1267 2740 1270 2747 ’

210 2851 301 2932 tulit,
330 2851 423 2937 idque
450 2850 561 2917 eodem
585 2861 740 2937 tempore,
765 2852 793 2940 ²)
822 2875 935 2936 nempe
957 2853 990 2916 in
1012 2850 1076 2915 fine
1094 2872 1122 2917 a.
1147 2872 1179 2917 u.
1205 2870 1232 2916 c.

213 2963 288 3029 687.
320 2984 349 3027 a.
377 2963 411 3027 C.
444 2962 496 3026 67.
543 2962 617 3026 lniit
642 2962 725 3026 enim
749 2970 789 3026 tr.
814 2961 858 3047 pl.
882 2985 910 3028 a.
935 2960 965 3028 d.
990 2964 1045 3028 lV.
1069 2961 1116 3027 ld.
1139 2963 1231 3041 Dec.;

210 3072 383 3159 decemque
412 3071 521 3138 diebus
546 3083 615 3158 post
637 3070 741 3159 legem
764 3071 845 3137 tulit.
871 3069 899 3159 ³)
947 3069 1125 3138 Videndum
1147 3092 1234 3137 nunc

210 3195 256 3250 est
279 3182 355 3270 quid
377 3183 545 3271 significet,
570 3184 705 3269 aliquam
727 3183 823 3268 tepent
840 3202 1025 3268 prorogare.

254 3297 384 3384 Legitur
405 3295 491 3382 apud
512 3318 689 3362 ascomuu:
715 3296 743 3384 ⁴)

254 3410 426 3492 „Quatuor
441 3408 571 3474 omnino
585 3431 704 3496 genera
722 3417 812 3486 sunt,
833 3406 968 3488 iudices,
987 3409 1021 3473 in
1041 3406 1156 3495 quibus
1173 3430 1231 3495 per

208 3522 384 3601 „Senatum
425 3519 544 3606 aliquid
580 3531 737 3586 statuatur
774 3520 812 3586 de
850 3520 982 3609 legibus.
1044 3522 1150 3585 Unum
1185 3529 1231 3585 est

208 3629 400 3713 „eiusmodi,
435 3629 561 3716 placere
600 3630 705 3719 legem
743 3632 891 3720 abrogari
926 3642 962 3697 ut
995 3655 1024 3708 o.
1059 3651 1228 3708 unacum,

243 3852 263 3917 11
279 3856 343 3904 Aac.
362 3870 463 3918 op.·on.
482 3871 505 3920 p.
526 3860 567 3904 66.

240 3935 259 4002 ²)
278 3940 341 3988 Aac.
360 3940 418 3988 ibid.
436 3953 519 3988 nunu.
538 3940 586 3990 1v.
605 3956 628 4004 p.
649 3945 706 3990 116.

239 4018 259 4087 ⁵)
276 4023 366 4072 Danu.
385 4023 402 4071 l.
420 4022 438 4071 1.

239 4104 259 4171 ⁴)
276 4106 339 4157 Aac.
359 4120 383 4171 p.
400 4119 443 4155 oa.
466 4108 506 4155 67.
524 4119 563 4170 sq.
