2910 4950
774 373 836 436 182

295 581 331 645 iis
360 577 480 644 iudiciis
509 587 710 644 contraxerat
740 587 776 643 ut
805 600 922 643 arcano
951 579 1014 643 iam
1044 580 1224 665 provideret
1244 607 1321 650 euin

295 714 335 756 ex
357 689 473 755 iudicio
495 689 540 754 de'
556 691 697 777 pecuniis
719 689 900 776 repetundis
919 689 1010 756 facile
1028 691 1110 757 elabi
1128 716 1193 758 nou
1213 717 1321 781 posse,

296 826 396 890 quum
430 802 545 868 scribat
571 801 615 890 ¹):
653 812 727 884 „est
760 804 889 867 omnino
924 813 988 867 tam
1023 805 1114 891 gravi
1149 805 1232 871 fama
1262 807 1323 874 lroc

297 914 495 999 „iudicium‚
520 923 557 977 ut
580 912 703 978 ridetur
726 912 855 999 reliquis
877 912 998 979 iudiciis
1020 913 1072 1004 (da
1090 916 1210 980 ambitu
1233 917 1324 984 etde

298 1028 466 1115 „pecuniis
495 1025 688 1113 repetundis)
721 1025 881 1111 periturus
908 1037 940 1091 et
962 1027 1099 1091 maxime
1121 1027 1160 1092 de
1183 1031 1325 1115 pecuniis

298 1137 540 1226 „repetundis”
577 1136 671 1220 Quod
687 1136 805 1202 factum
821 1150 867 1203 est
882 1148 917 1202 ut
934 1138 1050 1204 indicat
1067 1139 1174 1206 Schol.
1189 1141 1265 1208 Bob.
1281 1142 1322 1230 ²).

298 1254 337 1317 ln
360 1239 491 1316 exilium
515 1250 565 1327 iit,
590 1249 644 1315 sed
664 1272 682 1315 a
702 1272 841 1316 caesnas
862 1260 966 1316 estex
988 1251 1083 1317 exilio
1101 1254 1263 1318 restitutus
1281 1253 1324 1342 ³),

298 1364 428 1428 Praeter
445 1385 582 1440 sarran,
604 1385 712 1427 omnes
727 1361 785 1426 hae
801 1384 928 1427 caussae
947 1361 1097 1429 dictiones
1108 1366 1266 1451 pertinent
1284 1365 1326 1430 ad

299 1473 480 1539 candidatos
509 1472 700 1540 consulatus.
748 1475 812 1538 Nec
839 1474 1001 1540 tamenin
1025 1477 1136 1540 ceteris
1160 1478 1325 1564 magistra·

298 1585 382 1651 tibus
412 1585 547 1650 ambitus
577 1585 686 1650 nullus
713 1587 898 1652 commissus
920 1596 982 1666 est;
1014 1608 1088 1653 nam
1112 1587 1222 1654 eodem
1242 1611 1328 1656 anno

299 1697 438 1763 ambitus
460 1698 505 1761 rei
525 1696 669 1762 fuerunt:

344 1811 398 1879 VI.
434 1810 586 1887 Soranus,
607 1808 663 1893 qui
681 1830 710 1876 a.
723 1807 753 1875 d.
775 1810 831 1877 III.
857 1810 926 1876 Non
947 1811 1074 1893 Quinct.
1091 1810 1251 1878 absolutus
1266 1821 1325 1879 est.

343 1922 413 1991 Vll.
450 1922 547 1989 Caso.

343 2034 430 2102 VIII.
466 2034 639 2099 Pronurus
663 2034 705 2123 ⁴).

342 2146 448 2225 Caro,
469 2148 523 2232 qui
542 2169 561 2211 a
580 2168 737 2212 crcaaoua
755 2146 939 2212 nominatur
953 2157 1000 2213 est
1018 2169 1047 2214 c.
1065 2169 1149 2213 caro
1163 2148 1210 2235 ⁵),
1231 2169 1328 2234 quem

299 2280 434 2325 resonos
466 2257 605 2325 defendit
633 2270 665 2325 et
694 2280 814 2325 assatos
844 2281 957 2326 rostro
987 2259 1147 2325 accusavit
1179 2258 1218 2347 ⁸).
1273 2259 1329 2324 llis

300 2370 462 2437 addendus
484 2381 544 2437 est:

344 2485 400 2548 lx.
436 2484 471 2550 P.
496 2505 652 2548 ternotus
674 2504 771 2560 onus,

302 2594 437 2661 ambitus
471 2618 544 2661 reus
577 2594 722 2661 defensus
757 2617 776 2660 a
809 2617 837 2662 a.
870 2615 986 2661 orooro
1011 2595 1059 2682 7),
1096 2594 1151 2680 qui
1180 2594 1329 2680 quamvis

303 2729 469 2775 cressonis
491 2707 637 2773 inimicus
660 2717 766 2773 tamen
789 2708 832 2772 ita
855 2707 999 2794 probavit
1021 2706 1108 2772 illius
1130 2704 1235 2772 nobile
1258 2705 1330 2772 fao-

307 2828 375 2886 tum
401 2818 486 2906 quod
510 2842 665 2886 variarum
696 2843 916 2906 oneratosque
940 2819 1141 2898 defendisset,
1165 2821 1330 2886 utstatim

304 2933 478 3022 protexerit
509 2956 691 3010 asaroton,
717 2955 818 2997 unum
841 2956 859 2998 e
883 2932 998 3010 tribus,
1028 2934 1083 3018 qui
1105 2956 1137 2997 se
1160 2943 1253 2997 antea
1276 2933 1331 2997 in-

306 3047 381 3113 cesti
407 3046 547 3111 criminis
569 3044 786 3132 ¹postulassent
809 3045 848 3134 ⁸).
896 3045 984 3110 Cadit
1013 3044 1091 3110 haee
1115 3067 1209 3111 causa
1232 3046 1333 3134 igitur

305 3159 480 3223 necessario
497 3158 527 3221 in
548 3179 576 3224 a.
597 3179 629 3222 ιι.
651 3179 678 3221 c.
702 3158 775 3223 701.
797 3179 824 3222 a.
845 3157 878 3222 C.
901 3155 942 3221 53
963 3156 1014 3222 vel
1032 3156 1064 3221 in
1083 3155 1179 3223 finem
1198 3178 1227 3225 a.
1250 3179 1282 3224 u.
1301 3179 1330 3224 c.

339 3397 359 3463 ¹)
377 3399 432 3450 Cre.
451 3402 483 3450 ad
501 3400 533 3461 Q.
551 3400 581 3449 fr.
600 3401 651 3450 ΙῘΙ.
672 3406 696 3449 4.

339 3480 360 3549 ²)
378 3484 463 3533 Schol.
482 3486 545 3534 Bob.
564 3500 587 3549 p.
607 3498 649 3533 on.
669 3487 728 3533 356.
765 3483 819 3534 Cro.
837 3499 861 3548 p.
879 3484 942 3534 Rab.
961 3484 1029 3535 Post.
1049 3490 1065 3534 4
1084 3486 1099 3548 ς
1118 3489 1142 3536 8.

339 3565 360 3634 ³)
379 3567 433 3618 c1c.
452 3570 484 3617 ao
502 3570 557 3618 no.
576 3568 610 3617 x.
631 3571 645 3616 s
666 3569 680 3630 ς
699 3573 723 3616 a.

340 3650 362 3718 ⁴)
379 3653 418 3701 De
436 3653 475 3702 lits
493 3654 589 3702 iudiciis
607 3654 664 3701 vide
682 3667 731 3702 cre.
751 3654 783 3702 ad
801 3653 855 3703 Au.
873 3654 923 3704 1v.
945 3655 983 3702 15.

340 3733 359 3799 ⁵)
379 3737 478 3786 Onam..
498 3737 589 3788 Onom.
609 3737 678 3785 Tull.
696 3738 735 3785 II.
753 3752 776 3801 p.
796 3741 855 3786 486.

340 3818 361 3884 ⁶)
380 3822 496 3872 'l'acrros
512 3822 579 3871 Dial.
598 3822 709 3871 deerat.
728 3826 770 3871 31.
806 3822 869 3872 Asc.
888 3837 913 3885 p.
931 3836 975 3882 on,
997 3827 1036 3872 19.

340 3903 360 3970 ⁷)
379 3908 448 3956 Van.
466 3921 534 3956 nux.
553 3908 601 3956 IV.
621 3911 636 3954 2
657 3908 669 3969 t
687 3911 711 3955 ⁵.

339 3989 360 4056 ³)
379 3993 447 4042 Vsu.
472 4006 539 4040 siun.
564 3997 656 4040 statum
680 3991 751 4054 Roip
776 4005 806 4042 eo
830 3998 942 4057 tempore
964 4000 990 4044 et
1013 3991 1189 4045 defensionum
1209 3994 1337 4045 tattonem

307 4093 356 4132 non
375 4077 468 4142 optime
487 4078 595 4128 tonuisse
613 4076 718 4127 videtur.
