2910 4950
759 367 799 430 72

268 583 309 638 tr.
330 569 374 658 pl.
394 590 452 657 per
466 571 546 651 vim;
572 570 681 635 eodem
699 580 840 656 tempore
859 571 1058 637 consulatum
1075 573 1163 658 petiit
1181 594 1212 640 c.
1233 591 1294 638 ne-

269 705 340 748 niae
361 694 393 748 et
415 684 457 760 is,
483 683 534 746 cui
557 693 602 749 v'⁸
625 682 806 749 consulatus
828 682 947 749 absenti
969 683 1073 749 fuerat
1095 683 1201 765 datus,
1225 708 1295 750 sex-

268 804 338 859 tum
372 815 477 858 emere
512 792 619 858 debuit
626 817 634 873 ;
672 804 757 858 certe
786 794 811 858 si
840 792 917 858 fides
946 792 1090 859 habenda
1118 805 1165 859 est
1193 796 1296 860 maior

268 926 476 982 uuurencuo,
509 927 605 991 quam
628 928 761 971 vutnuro
784 927 980 971 uernacuno.
1027 907 1085 970 ilie
1106 905 1191 970 enim
1213 906 1296 970 seri·

267 1015 316 1082 bit
337 1014 363 1104 ¹)
396 1025 529 1097 „sextus
557 1017 739 1082 consulatus
767 1016 866 1081 veluti
896 1016 1072 1103 praemium
1104 1016 1132 1081 ei
1163 1016 1291 1105 (nenio)

270 1127 482 1209 „meritorum
503 1126 626 1196 datae.'’
673 1129 715 1193 At
730 1129 756 1193 si
776 1112 919 1194 auctores
937 1129 992 1214 qai
1007 1126 1149 1194 scribunt
1165 1137 1197 1192 et
1214 1137 1295 1193 tem-

271 1259 351 1324 pora
372 1237 485 1322 quibus
507 1239 595 1324 petiit
618 1261 735 1304 neurus
758 1249 790 1304 et
814 1263 879 1326 quo
900 1239 1103 1326 competitore
1127 1239 1216 1325 petiit
1238 1261 1296 1304 co-

271 1349 426 1437 gitamus,
461 1372 525 1415 nou
553 1351 708 1416 miramur
738 1374 827 1431 eum,
860 1362 897 1416 ut
925 1352 988 1416 iam
1017 1361 1095 1418 tunc
1117 1374 1178 1415 usu
1199 1352 1298 1438 recipi

271 1469 418 1545 coeptum
437 1470 498 1539 est,
521 1461 631 1526 emisse
649 1461 799 1542 honores,
824 1461 909 1548 quod
928 1485 1132 1528 murmanus
1150 1461 1258 1529 scribit
1266 1452 1294 1550 ²')

272 1683 346 1743 ulie,
363 1697 414 1747 qao
430 1696 590 1734 strumum
613 1690 644 1733 tr.
664 1684 698 1748 pl.
716 1695 801 1733 ulmo
819 1690 845 1733 et
858 1694 960 1732 nuceo
978 1696 1039 1732 eoae.
1056 1682 1210 1746 publicaret
1227 1683 1300 1734 inter·

273 1766 393 1818 nteetur‘
419 1769 486 1818 idem
507 1775 611 1819 testatur
629 1781 679 1818 ore.
697 1768 765 1817 Phil.
783 1768 862 1817 VIII.
882 1772 905 1816 t.
926 1767 941 1829 ξ
962 1769 1001 1814 16.
1020 1765 1075 1817 Cat.
1093 1767 1117 1816 1.
1136 1773 1160 1816 a.
1181 1768 1235 1829 §t
1262 1766 1301 1817 At

271 1851 334 1916 quid
350 1864 412 1914 opus
430 1859 467 1901 est
484 1853 596 1916 pluribne
613 1853 638 1901 in
653 1865 680 1900 re
697 1851 753 1901 lure
769 1850 893 1900 clariore?
928 1850 996 1901 Vide
1013 1863 1051 1899 ee.
1070 1864 1125 1900 asc.
1141 1867 1166 1915 p.
1181 1864 1225 1900 oa.
1242 1854 1300 1900 136.

270 1935 304 1985 Iu
330 1948 471 1986 nauueunr
497 1936 649 1986 sententiam
674 1935 781 1999 pedibue
807 1936 828 1984 lt
852 1947 925 1984 uren.
950 1935 985 1984 Α.
1009 1935 1060 1984 111.
1079 1949 1105 1998 p.
1125 1938 1182 1984 175.
1199 1935 1301 1986 tertium

271 2018 347 2068 tunsa
364 2025 395 2068 tr.
412 2018 446 2084 pl.
469 2028 580 2070 ereetum
600 2031 769 2067 enrrnumurr
793 2023 819 2066 et
835 2017 872 2067 ele
887 2017 969 2066 addit:
990 2017 1037 2066 -tn
1054 2017 1122 2066 haue
1139 2017 1243 2066 modum
1259 2017 1301 2067 de

273 2104 397 2167 celgnatie
418 2104 525 2153 tribanie
547 2112 622 2167 aulae
645 2102 767 2151 uodilibue
790 2101 825 2165 pl.
848 2116 906 2150 eum
929 2101 1029 2151 comitia
1046 2100 1198 2151 haberentur
1214 2114 1301 2150 eoum·

273 2186 383 2236 ‚leria'’
412 2211 447 2222 -
474 2186 594 2250 Sequitur
622 2187 692 2235 enim
717 2199 777 2234 m.
803 2186 836 2235 B.
860 2184 889 2235 C.
910 2186 933 2235 Ι.
958 2190 1000 2234 32.
1026 2186 1189 2235 scribentem:
1215 2187 1262 2234 nal
1286 2183 1301 2233 ὁ

277 2271 444 2336 Ἀπουλήιος
475 2265 518 2321 e'rr'
547 2269 622 2335 αὐτῷ
647 2269 742 2337 τρίτον
771 2270 920 2336 ἐδημάρχει
945 2272 992 2318 καὶ
1019 2287 1059 2326 τις
1083 2270 1158 2338 αὐτῷ
1184 2277 1300 2339 συνῆρχε

211 2358 223 2377 “
275 2355 416 2424 δραπέτης
433 2349 504 2405 εἶναι
520 2355 694 2421 νομιζόμενος
711 2352 838 2422 Γράκχον
855 2356 1014 2422 ἐπιγράφων.

308 2441 349 2490 1δί
366 2440 459 2503 legitur
476 2454 527 2488 non
545 2440 576 2488 de
594 2438 731 2501 designatio
749 2447 780 2488 tr.
798 2439 832 2501 pl.
850 2439 895 2488 eed
909 2440 940 2489 de
958 2441 1001 2500 iis,
1017 2440 1063 2504 qui
1076 2440 1234 2503 magistratus
1249 2442 1302 2492 iarn

273 2529 353 2574 erent.
388 2523 453 2571 Mox
479 2523 591 2587 sequitur
615 2522 757 2572 consularia
778 2523 864 2573 habita
889 2523 977 2574 fuissee
999 2525 1102 2576 eomitie
1118 2527 1302 2593 προτεθείσης

279 2606 311 2658 dd
331 2606 442 2657 tuetur
461 2609 631 2673 χειροτονίας
652 2605 710 2656 κτέ.

307 2690 403 2743 Contra
424 2704 466 2740 me
487 2700 584 2755 pugnat
606 2692 683 2755 igitur
705 2704 814 2742 tuemur
836 2693 985 2755 auctoritas,
1006 2710 1083 2760 quam
1100 2701 1185 2746 tamen
1204 2695 1302 2745 nullum

273 2789 329 2827 eeee
352 2777 474 2826 constabit
496 2777 518 2826 ei
540 2778 759 2836 demonstravero,
782 2778 885 2827 eomitia
906 2779 1001 2828 tributa
1022 2779 1109 2829 haberi
1126 2786 1181 2843 poet
1200 2779 1303 2828 comitia

273 2861 420 2911 oenturiato.
462 2862 537 2928 Quod
562 2862 594 2910 de
618 2860 744 2910 aedilitate
770 2861 869 2925 plebeia
894 2863 946 2912 iam
971 2871 1069 2913 comme
1090 2877 1125 2913 ex
1148 2863 1204 2912 loeo
1223 2875 1301 2911 rear.

274 2945 341 2996 Mar.
359 2961 436 3013 quem
453 2946 554 2996 laudari
572 2962 596 3010 p.
613 2949 654 2997 68.

310 3030 466 3102 Wuanuaue
483 3033 515 3081 de
528 3046 591 3081 eom.
606 3031 680 3081 aedil.
697 3032 724 3080 in
739 3032 802 3095 prol.
818 3032 946 3084 adPlane.
956 3049 981 3098 p.
990 3033 1149 3083 LXXXIII.
1160 3032 1203 3082 nbi
1209 3031 1301 3094 legitur

275 3128 383 3165 arama
406 3122 537 3180 postquam
554 3102 680 3178 repulsam
698 3116 797 3164 turma
815 3117 842 3166 in
859 3118 979 3181 petitione
996 3117 1128 3167 eantare
1145 3116 1238 3166 euram
1255 3122 1303 3164 aa·

275 3201 323 3251 tim
339 3200 466 3249 maneiieeo
492 3201 524 3249 ed
541 3200 675 3263 petendam
691 3200 846 3249 aedilitatem
871 3200 1004 3264 plebeiam.
1038 3198 1087 3249 Cui
1107 3199 1198 3248 addam
1217 3197 1302 3248 locum

275 3299 421 3344 urrunnu,
444 3285 488 3334 ubi
510 3285 602 3334 diserte
624 3284 715 3348 legitur
732 3293 828 3335 creatos
846 3299 900 3336 esee
922 3286 1015 3335 aediles
1034 3285 1145 3347 plebeios
1162 3291 1217 3347 poet
1234 3285 1301 3333 aedi·

275 3370 314 3420 Iee
330 3370 443 3428 rurales,
460 3377 516 3433 poet
532 3378 672 3434 praetores,
690 3378 745 3434 poet
759 3370 882 3421 eonsules.
905 3370 964 3420 Lrv.
980 3368 1114 3418 XXXIII.
1131 3374 1173 3417 ⁴2.
1192 3368 1235 3433 [et.
1250 3383 1301 3420 crc.

278 3456 312 3506 ed
326 3454 400 3504 Fam.
418 3455 495 3504 VIII.
515 3456 552 3519 4.]
582 3454 656 3516 Quod
674 3470 698 3504 v.
716 3471 737 3504 e.
756 3455 896 3505 luculenter
913 3462 1015 3519 apparet
1032 3455 1108 3504 etiam
1126 3462 1151 3504 et
1165 3468 1302 3505 mannonis

275 3538 397 3602 Epistolie
414 3538 446 3587 ed
459 3537 532 3588 Fam.
550 3540 613 3590 vn.
630 3544 677 3599 30,
695 3539 738 3589 abi
755 3552 857 3588 causan
873 3539 961 3588 ooneul
984 3536 1050 3602 {ride
1067 3552 1167 3589 ramur.
1182 3542 1216 3590 ud
1232 3541 1257 3590 h.
1273 3540 1301 3607 l.)

276 3623 417 3687 auspieatue
425 3632 478 3673 erut
488 3625 595 3674 comitile
603 3624 713 3683 tributis,
722 3624 810 3673 habuit
818 3630 903 3673 taurea
911 3624 1063 3685 centuriata,
1078 3626 1197 3689 quoniam
1206 3627 1303 3676 Interea

277 3709 341 3758 alter
364 3710 495 3760 consulum
521 3719 574 3760 erat
600 3718 725 3768 mortuae;
749 3708 790 3774 (cf.
813 3709 845 3758 ad
868 3708 934 3759 hanc
958 3710 1027 3774 epist.
1046 3724 1158 3761 ueram
1175 3726 1301 3762 eommun-

277 3793 387 3855 tarium).
422 3795 537 3861 Denique
560 3808 655 3845 crcuuo
675 3794 719 3859 qui
742 3793 823 3843 multa
845 3793 921 3843 habet
942 3795 974 3845 de
999 3808 1138 3847 strumenta
1160 3796 1301 3857 tribunatu,

276 3893 407 3943 nunqnam
423 3879 484 3929 dicit
500 3893 559 3930 eum
577 3877 669 3927 tertiam
687 3876 762 3928 iubeo
779 3877 945 3941 designatum.

312 3960 334 4024 1)
351 3965 436 4013 Vani..
455 3978 513 4012 rer.
531 3964 568 4012 Π.
591 3968 628 4011 lt.

311 4043 429 4111 ²)1'nrr.
447 4048 513 4096 Ilar.
533 4050 574 4094 28.
