2910 4950
706 411 750 474 00

264 620 389 684 Maurus
403 627 508 684 tamen
522 615 683 682 absolutus
696 626 744 681 est
761 616 952 698 παραλόγως
968 617 1105 707 (contra,
1121 628 1248 705 praeter

218 729 496 817 exspectationem)
518 728 687 810 ἀπέφυγεν
707 727 779 794 ἴσων
803 733 862 793 τῶν
887 728 1003 811 ψήφων
1021 728 1246 818 νενομένωνῑ).

214 841 305 904 liaeo
335 840 459 916 omnia,
491 839 584 903 etiam
607 860 645 902 ea
674 836 712 902 de
741 836 907 904 aedilitatis
932 840 1081 925 petitione
1108 863 1149 906 ex
1169 863 1245 905 rnu-

219 972 350 1017 rsnmro
368 950 545 1031 hausimus3
575 949 659 1036 quod
681 949 790 1016 eodem
816 949 887 1016 loeo
909 950 948 1015 de
972 973 1150 1030 naussum,
1178 974 1244 1016 ura-

218 1083 345 1126 aronurr
357 1051 496 1148 'patrono
513 1073 700 1141 narrantur,
724 1062 853 1128 suntab
871 1085 909 1127 eo
928 1062 1056 1128 Graecis
1074 1061 1244 1130 lectoribus

223 1174 338 1260 scripta
358 1173 399 1261 ²).
431 1175 632 1259 Quamquam
656 1175 688 1238 in
707 1197 745 1239 eo
763 1173 824 1238 fuit
837 1194 955 1238 uanius
969 1181 1005 1236 ut
1019 1172 1241 1252 damnaretur,

218 1305 283 1349 nen
306 1282 398 1348 valde
416 1283 477 1350 hoo
499 1283 666 1349 discrimen
691 1305 817 1348 curasse
840 1281 981 1360 videtur,
1013 1293 1135 1350 eertum
1158 1285 1244 1351 enim

216 1403 265 1460 est
279 1416 353 1460 eum
372 1404 478 1479 postea
493 1404 618 1459 sextum
634 1392 833 1458 consulatum
848 1393 958 1457 emisse
968 1391 994 1481 ⁸)
1020 1409 1049 1459 a.
1070 1415 1102 1458 u.
1121 1415 1150 1461 c.
1165 1394 1241 1462 654

216 1527 248 1570 a.
276 1505 310 1572 G.
341 1506 414 1571 100.
468 1505 532 1587 Qui
566 1526 669 1571 annus
703 1504 810 1571 multis
843 1503 1044 1570 seditionibus
1078 1504 1242 1591 turbisque

217 1618 251 1682 in
274 1616 402 1682 historia
425 1627 550 1682 notatus
572 1617 726 1702 postulat,
750 1626 787 1682 ut
808 1615 918 1702 paullo
947 1616 1075 1682 uberius
1106 1616 1146 1682 de
1175 1627 1241 1684 tota

215 1727 350 1794 civitatis
372 1729 493 1794 ratione
516 1727 667 1797 dieamus.

212 1907 214 1911 ,
262 1839 395 1906 Sullana
421 1841 623 1927 Mariamque
652 1852 794 1928 tempora
817 1840 963 1907 omnibus
988 1851 1064 1906 nota
1086 1850 1160 1908 sunt
1182 1863 1242 1908 nec

209 1961 276 2031 est,
301 1951 387 2038 quod
405 1952 550 2037 pluribus
571 1951 610 2015 de
629 1952 665 2016 iis
683 1950 852 2037 disputem
877 1975 1033 2039 exponam
1052 1952 1146 2018 modo
1165 1953 1242 2040 quid

209 2063 357 2128 Mariana
383 2062 478 2129 factio
504 2072 647 2150 grassata
675 2061 829 2128 fueritin
858 2048 1031 2129 honoribu's
1053 2063 1110 2130 sibi
1141 2062 1241 2130 vindi·

216 2173 335 2241 caudis

261 2286 355 2375 Anno
377 2308 409 2351 u.
434 2309 462 2353 c.
488 2286 562 2352 652.
588 2308 617 2352 a.
637 2287 670 2354 C.
697 2289 771 2354 102.
803 2309 940 2354 censura
962 2287 1074 2364 fuito.
1098 2308 1241 2356 cancrum

215 2419 366 2463 suururcr
395 2406 427 2463 et
457 2420 486 2474 o.
518 2419 659 2464 abaciam
685 2419 839 2465 sarasan
866 2421 1096 2478 mersitonam
1128 2397 1183 2464 ille
1214 2399 1240 2467 si

216 2508 286 2594 quis
303 2508 384 2575 alius
403 2508 499 2576 homo
516 2509 727 2576 nobilissimus
742 2511 1004 2597 optimatiumque
1020 2507 1135 2576 fautor.
1166 2511 1242 2576 litat

214 2621 428 2687 infestissimus
451 2622 609 2701 Marianis,
629 2623 812 2708 praesertim
837 2646 865 2688 n.
885 2644 1038 2688 arrunsro
1061 2644 1239 2687 sarunmro

215 2756 354 2820 quocum
374 2755 487 2821 graves
504 2734 532 2798 ei
550 2734 785 2800 intercedebant
798 2735 987 2801 inimicitiae.
1034 2735 1171 2800 conatus
1193 2740 1241 2799 ost
1301 2754 1305 2759 ’
1347 2765 1349 2770 ·

212 2845 313 2934 igitur
324 2867 434 2910 censor
447 2858 692 2910 n'sarnarmuu
698 2856 814 2919 notare
822 2845 849 2932 ⁴)
865 2847 920 2930 qui
932 2856 1008 2910 tunc
1019 2856 1088 2910 erat
1103 2855 1142 2912 tr.
1153 2843 1196 2932 pl.
1207 2844 1235 2934 ὅ)

214 2955 349 3034 τιμητὴς
384 2955 415 3019 δὲ
445 2955 571 3029 Κδίυτυς
603 2954 762 3029 Καικίλιος
789 2954 956 3027 Μέτελλος
983 2992 1029 3003 -
1051 2957 1237 3031 Ἀπυυληῖυν

215 3074 417 3147 Σατουρνῖνον
432 3065 696 3148 δεδημαρχηκότα
717 3066 771 3140 ἤδη
783 3074 840 3140 τῆς
860 3065 1015 3143 ἀξιώσεως
1030 3065 1238 3147 παρέλυεν-

213 3178 246 3242 οὐ
270 3177 333 3258 μην
356 3177 493 3254 ἐδυνήθη·
517 3175 531 3241 ὃ
553 3177 618 3260 γάρ
642 3179 668 3244 oi
692 3176 854 3260 συνάρχων
878 3179 911 3243 οὐ
935 3175 1099 3243 cortona·

237 3500 267 3570 Α)
284 3501 324 3553 Da
332 3505 432 3569 paribus
448 3504 579 3557 sentemiis
589 3519 726 3571 earumque
737 3503 825 3556 affeetu
839 3505 896 3555 vida
905 3517 991 3556 cumo.
1003 3503 1106 3556 ossen.
1117 3504 1183 3556 XII.
1196 3509 1236 3557 16.

245 3586 276 3638 Si
301 3588 329 3637 in
355 3589 540 3651 magistratibus
565 3589 679 3639 morandis
702 3605 726 3639 r.
744 3604 765 3639 a
790 3589 816 3639 in
840 3590 966 3639 aedilitate
990 3589 1073 3652 plnres
1089 3604 1167 3654 qnam
1185 3591 1236 3640 dno

212 3679 284 3722 erant
303 3686 375 3736 paras
395 3672 520 3736 suffragiis
537 3674 570 3722 ad
586 3675 743 3724 sortitionem
759 3674 943 3737 confugiebant
979 3671 1033 3722 Cro.
1051 3689 1076 3737 p.
1094 3672 1182 3724 Plano
1202 3679 1234 3723 22

211 3755 282 3821 dtis.
299 3757 384 3823 ibique
400 3772 555 3809 nannenus.
590 3757 727 3810 Gaucsms
744 3758 776 3809 do
792 3743 915 3810 comitiis.
933 3758 1006 3808 Rom.
1025 3757 1061 3806 11.
1080 3762 1104 3806 4.

246 3835 267 3904 ’ρ
283 3841 430 3892 Bunross
446 3843 510 3906 Rep.
527 3843 601 3893 Rom.
619 3843 651 3892 T.
669 3844 706 3894 11.
724 3859 748 3909 p.
770 3848 827 3894 los.

245 3918 266 3990 δ)
283 3924 364 3975 Pnnr.
384 3927 449 3975 Mar.
469 3931 501 3976 25
520 3934 545 3977 et
562 3930 717 3993 susac.·1·}p.
736 3933 777 3978 94.

244 4003 265 4071 ⁴)
282 4007 338 4060 Cro.
354 4024 378 4074 p.
397 4009 462 4062 Soet.
482 4012 524 4060 47.
543 4011 558 4074 5
579 4016 634 4062 lot.

230 4086 266 4156 ⁴)
284 4092 352 4143 Are,
370 4095 401 4143 B.
415 4094 445 4146 C.
464 4095 485 4143 1.
505 4078 549 4144 281
