2910 4950
713 414 754 480 67

212 630 280 687 tuta
313 621 472 689 affirmare
504 644 568 688 non
599 623 716 702 ausim,
749 622 893 708 quamvis
922 621 954 687 id
983 621 1151 687 verisimile
1176 644 1235 708 pu·

211 742 292 813 tem;
325 734 539 800 deficientibus
564 745 670 800 tamen
697 735 788 800 certis
810 735 1015 822 argumentis.
1063 734 1162 799 Aliter
1185 756 1237 799 res

210 866 244 909 se
265 843 360 910 habet
377 847 411 910 in
434 868 529 912 causa
551 868 580 913 c.
606 870 718 912 aaran
741 848 906 912 Dictatoris
928 856 960 912 et
979 870 1012 911 u.
1033 866 1132 911 rosan
1151 848 1235 933 mag.

208 957 266 1040 aq.
283 956 308 1044 ¹)
335 967 367 1020 et
389 979 416 1022 r.
438 981 592 1026 rainerus.
639 958 735 1024 Aliud
758 967 985 1023 commemorat
1008 956 1234 1023 tumrusiudi-

211 1067 295 1133 eium
321 1069 348 1157 2)
385 1069 424 1134 de
457 1070 577 1135 ambitu
618 1095 649 1147 o.
685 1092 832 1147 corona,
872 1068 957 1156 quod
993 1091 1058 1155 quo
1092 1079 1234 1154 tempore

211 1176 317 1242 locum
340 1177 498 1258 habuerit,
523 1181 636 1245 nescio.
684 1180 814 1267 Legitur
837 1181 925 1244 ineo
945 1179 1016 1244 loco
1034 1179 1089 1242 ubi
1111 1180 1177 1267 agit
1194 1178 1234 1243 de

210 1288 340 1376 plastica
362 1290 454 1356 etde
476 1290 624 1355 fictilibus
645 1292 803 1376 vasisque:
836 1314 894 1371 „Q·
920 1310 1082 1354 cononum
1109 1288 1235 1353 inveni-

211 1424 310 1483 „mus
339 1403 476 1468 ambitus
497 1401 683 1466 damnatum
706 1403 780 1487 quia
808 1402 871 1465 vini
894 1400 1080 1488 amphoram
1103 1398 1236 1464 dedisset

211 1512 324 1594 „dono
357 1514 403 1593 ei,
436 1515 526 1579 euius
562 1515 705 1603 suffragii
739 1514 815 1579 latio
850 1512 952 1580 erat.'’
1010 1514 1061 1579 Sic
1091 1512 1162 1590 ille,
1194 1533 1235 1576 ne

106 1624 109 1629 ’
209 1624 307 1689 verbo
344 1624 471 1711 quidem
504 1627 649 1712 amplius.
702 1629 749 1692 Ex
778 1625 838 1692 hoe
872 1626 972 1704 alono,
1005 1636 1036 1690 et
1069 1648 1109 1690 ex
1142 1623 1236 1690 dam-

210 1737 337 1801 natione
371 1736 411 1802 ob
441 1760 510 1803 eam
542 1760 669 1803 eausam
698 1739 771 1803 satis
794 1749 926 1826 apparet
947 1739 1075 1823 opinor,
1099 1736 1236 1821 antiquis

209 1847 272 1912 illis
308 1847 486 1934 severisque
527 1850 720 1937 temporibus
756 1849 818 1916 hoe
856 1850 1007 1916 iudicium
1042 1849 1145 1914 fuisse
1174 1848 1235 1914 ha-

209 1958 321 2026 bitum.

254 2069 315 2135 Sed
338 2080 537 2135 rerertamur
559 2072 598 2136 ad
622 2095 764 2151 unarum
791 2081 957 2157 postquam
975 2070 1233 2149 indicaverimus,

209 2191 366 2267 quantum
397 2182 480 2247 inter
506 2205 538 2247 se
561 2181 710 2248 differant
731 2206 916 2248 samnsrrus
940 2182 1056 2268 aliique
1079 2168 1118 2247 de
1141 2204 1236 2247 nanu

208 2293 358 2377 petitione
380 2293 559 2361 scribentes.
606 2295 665 2359 ille
684 2295 767 2360 enim
782 2294 809 2383 ³)
835 2294 874 2359 de
895 2316 1015 2359 namo:
1041 2345 1059 2376 ,‚
1068 2293 1180 2359 deinde
1195 2293 1235 2359 ab

209 2425 276 2484 „eo
297 2403 485 2490 magistratu
512 2404 594 2492 (trib.
620 2404 699 2493 mil.)
726 2405 825 2470 alium
848 2416 917 2491 post
939 2405 1037 2470 alium
1061 2405 1118 2469 sibi
1140 2427 1235 2491 pepe-

210 2515 295 2596 „rit3
329 2538 515 2601 semperque
545 2516 578 2580 in
608 2516 811 2602 potestatibus
839 2541 877 2583 eo
904 2517 998 2583 modo
1025 2516 1165 2606 agitabat
1190 2518 1236 2582 uti

209 2626 390 2713 „ampliore
421 2650 517 2713 quam
548 2629 678 2716 gerebat
705 2630 820 2718 dignus
843 2628 1022 2697 haberetur.
1069 2632 1188 2695 Tamen
1210 2631 1237 2695 is
1326 2630 1331 2635 ’

209 2738 278 2820 „ad
308 2738 339 2803 id
366 2739 510 2804 locorum
540 2740 611 2805 talis
634 2743 681 2806 vir
703 2779 749 2792 -
778 2742 975 2808 consulatum
1000 2741 1147 2828 adpetere
1169 2765 1235 2808 non

208 2849 394 2933 „audebat”
415 2850 454 2938 ⁴).
502 2850 650 2930 Quocum
673 2852 885 2937 comparanda
908 2854 1004 2918 sorba
1027 2852 1232 2942 crcuaomst)

208 2982 266 3044 „c.
300 2982 416 3024 namus
450 2959 573 3025 duabus
603 2960 811 3027 aedilitatibus
839 2961 1005 3047 repulsus''
1041 2974 1073 3029 et
1102 2986 1234 3029 vaureu

210 3095 329 3137 uaxru1
355 3070 398 3159 ⁰):
432 3073 662 3159 „Arpinatibus
691 3073 862 3139 honoribus
895 3073 1050 3139 iudicatus
1083 3073 1231 3153 inferior,

209 3196 439 3271 „quaesturam
462 3188 582 3251 Romae
604 3199 711 3274 petere
734 3210 829 3253 ausus
850 3198 905 3254 est.
942 3188 1103 3254 Patientia
1125 3189 1234 3255 danda

209 3300 428 3385 ,stammam
458 3298 573 3386 irrupit
599 3301 700 3389 magis
724 3301 757 3366 in
784 3302 905 3368 curiam
934 3323 1030 3388 quam
1053 3303 1147 3371 venit.
1194 3305 1232 3367 In

216 3527 444 3538 .-.--—-——-.

241 3675 261 3745 1)
278 3678 346 3729 Vide
363 3694 387 3744 p.
406 3685 448 3730 ³4.

240 3758 261 3828 1)
278 3762 354 3813 Pam.
372 3765 408 3813 ΙΙ.
426 3766 461 3815 N.
479 3766 610 3820 xxxvl.
629 3773 670 3819 46.

239 3845 261 3916 5)
278 3850 358 3901 Sana.
377 3851 445 3901 Bell.
464 3853 520 3915 lug.
540 3858 580 3903 63.

239 3931 259 3997 ⁴)
278 3933 330 3985 Cur
346 3936 382 3985 ita
398 3936 472 3986 fuerit
487 3937 600 3988 duximus
617 3954 640 4003 p.
657 3946 690 3990 32
708 3956 745 4006 sq.

239 4013 259 4081 6)
277 4017 332 4068 Cre.
351 4034 376 4084 p
394 4020 482 4069 Plane
501 4026 542 4069 21.
563 4023 577 4085 §
596 4026 637 4072 51.

240 4098 262 4165 6)
280 4106 348 4155 Van.
368 4120 436 4155 nar.
456 4107 503 4157 VI.
524 4107 569 4170 aqi
592 4113 629 4156 1⁴.
