2910 4950
664 370 706 437 35

171 589 254 647 tator
277 588 309 646 et
328 579 477 671 Magister
495 580 662 667 Equitum,
686 589 724 644 ut
742 577 883 659 videtur,
903 580 1038 647 homines
1060 581 1145 658 novi,
1170 580 1196 647 si

172 704 257 759 certe
280 691 435 758 nobilium
456 694 489 759 in
513 715 565 759 eos
591 692 698 758 odium
721 690 873 759 attendas.

214 805 313 871 Coitio
344 805 504 871 honorum
537 803 809 891 adipiscendorum
843 825 968 882 caussa,
1002 825 1084 890 quae
1118 803 1150 869 h.
1171 802 1194 872 l.

168 914 327 982 indicatur
360 941 424 983 non
457 927 504 982 est
536 915 742 1005 intelligenda
775 938 813 981 eo
848 939 959 994 sensu,
1000 938 1064 1003 quo
1100 938 1194 981 usur-

169 1038 265 1113 patur
305 1030 528 1116 posterioribus
566 1029 654 1115 Reip.
698 1027 900 1115 temporibus.
981 1026 1194 1116 Cogitandum

168 1135 201 1205 h.
226 1136 248 1204 l.
283 1148 329 1203 est
363 1138 401 1204 de
436 1139 473 1203 iis
507 1138 709 1217 coitionibus,
742 1161 823 1224 quae
851 1147 943 1203 erant
969 1137 1039 1225 lege
1062 1139 1191 1203 vetitae:

170 1271 238 1331 „ne
262 1250 331 1335 quis
347 1250 379 1315 in
405 1250 483 1315 urbe
506 1260 613 1322 coetus
635 1260 807 1314 nocturnos
830 1250 927 1336 agitet
953 1249 1076 1336 [contra
1098 1251 1194 1315 Rem·

170 1358 368 1446 ‚,publicam]
382 1357 402 1388 ’'
430 1358 496 1423 vel:
532 1358 616 1444 „qui
638 1358 800 1424 ,coitiones
822 1357 903 1423 ullas
933 1357 1140 1423 clandestinas
1162 1359 1196 1424 in

169 1469 278 1552 „urbe
301 1468 486 1535 conflaverit
502 1492 592 1535 more
612 1468 769 1535 maiorum
788 1467 913 1556 capitali
933 1468 1087 1556 supplicio
1109 1468 1194 1536 mul·

169 1578 334 1663 „ctetun”
1073 1579 1077 1586 ’

214 1693 319 1774 Quam
342 1691 599 1780 significationem
624 1715 782 1758 usuarius
804 1690 828 1781 1)
857 1693 952 1758 etiam
968 1691 1110 1758 attribuit
1131 1691 1195 1781 legi

138 1829 143 1837 ·
170 1804 318 1882 Liciniae:
342 1827 408 1888 „ne
431 1805 501 1891 quis
520 1805 618 1871 coiret
644 1805 846 1893 magistratus
863 1802 1054 1899 adipiscendi
1074 1802 1194 1869 causa’'

169 1917 355 1983 assentiente
384 1939 537 1982 annasrro
560 1916 617 2003 qui
638 1917 682 1982 sic
704 1915 823 1982 scribit:
854 1937 1040 1998 „stancius
1063 1914 1197 2004 exlege

169 2028 316 2119 „Licinia
344 2027 384 2093 de
414 2027 563 2093 sodalitiis
591 2027 624 2093 h.
648 2050 676 2094 e.
707 2027 746 2092 de
770 2026 955 2092 coitionibus
984 2025 1024 2091 ad
1050 2048 1195 2092 corrum-

170 2137 301 2226 „penda
324 2138 435 2225 populi
458 2137 613 2226 suffragia
636 2136 757 2204 factis.''

218 2248 313 2331 Quod
342 2259 448 2315 tamen
480 2271 592 2315 verum
621 2271 686 2314 non
716 2258 778 2328 est,
808 2270 908 2335 aeque
930 2248 1035 2314 minus
1057 2270 1095 2315 ac
1117 2247 1198 2316 illud

170 2360 256 2447 quod
277 2382 445 2426 sarasrrus
465 2361 572 2427 scribit
591 2360 619 2449 ²)
642 2371 716 2445 „est
734 2361 818 2426 enim
842 2361 936 2427 coitio
957 2383 1032 2427 cnm
1053 2360 1197 2429 homiues

170 2483 440 2562 „congregantur
469 2473 515 2539 rei
547 2473 649 2540 malae
680 2470 896 2539 conficiundae
924 2469 1023 2538 veluti
1052 2471 1194 2540 tribuum

171 2584 506 2672 „corrumpendarum
530 2584 673 2652 caussa.‘’

216 2696 310 2765 Valet
336 2696 415 2762 illud
443 2696 481 2762 de
509 2696 579 2762 loco
608 2697 738 2762 Liviano
767 2716 865 2782 supra
889 2692 1032 2774 laudato;
1057 2704 1090 2760 at
1111 2704 1195 2762 tem-

169 2829 247 2894 pore
270 2828 436 2870 crcsnosrs
459 2806 547 2871 coitio
571 2815 618 2870 est
645 2806 776 2871 societas
797 2803 1036 2870 candidatorum
1059 2827 1097 2870 eo
1120 2827 1195 2871 eon·

169 2918 240 2984 silio
262 2918 340 2982 inita
362 2928 399 2982 ut
420 2939 504 2981 unus
526 2916 619 2981 alteri
641 2927 754 2981 mutuo
780 2915 880 2980 tribus
909 2916 1072 2994 conciliet,
1092 2927 1131 2982 ut
1151 2917 1195 2983 sic

168 3031 390 3117 competitores
411 3027 531 3092 honore
557 3026 703 3093 deiiciant
727 3027 767 3116 ³).
814 3074 818 3081 ·

213 3253 274 3316 Per
304 3250 437 3339 longum
476 3249 625 3336 temporis
655 3247 859 3316 intervallum
889 3247 980 3316 nulla
1006 3247 1045 3314 de
1073 3248 1194 3344 ambitu

168 3362 286 3430 mentio
319 3361 387 3427 fieri
421 3358 563 3440 videtur,
586 3361 647 3426 nisi
673 3359 758 3448 apud
776 3382 923 3426 isauron
951 3361 1006 3448 qui
1029 3361 1193 3460 quaeritur

168 3473 370 3540 ambitionem
393 3485 469 3539 tunc
496 3472 645 3560 temporis
668 3473 759 3539 valde
782 3497 846 3539 esse
869 3484 997 3540 auctam
1021 3472 1062 3562 ll.
1101 3535 1106 3543 .

201 3728 221 3794 ι)
238 3731 399 3792 Μυωτωε,“
412 3734 444 3782 ‹lo
461 3731 572 3797 Legibus
589 3732 662 3783 Rom
680 3749 701 3784 e.
721 3736 763 3783 30.

201 3810 222 3879 ²)
240 3816 326 3868 Clario
343 3817 457 3867 Ciceros.
473 3832 527 3868 voc.
537 3816 616 3866 coitio.

200 3895 221 3962 ³)
239 3901 396 3952 Wunnnsus
413 3901 446 3950 ed
463 3900 635 3957 Plancianum
659 3917 685 3966 p.
702 3900 823 3951 LXXVI
840 3915 894 3967 sqq.
918 3901 962 3951 ubi
979 3901 1036 3953 ride
1055 3900 1122 3954 locos
1148 3900 1192 3952 l.l.

160 3991 191 4034 'ct
208 3984 318 4035 eiusdem
337 3992 448 4035 annotat.
467 3986 734 4037 acaunensium
754 3977 833 4048 §tte

199 4067 220 4134 ⁴)
237 4068 337 4121 Passa
356 4070 528 4121 Trinummus.
547 4072 596 4125 IV.
614 4086 650 4122 111.
671 4076 703 4122 25
721 4086 775 4137 sqq.
836 4139 842 4150 x

1013 4159 1059 4224 3.
