2910 4950
757 392 821 457 190

277 613 404 672 coaetus
434 607 545 689 Remp.
577 600 783 667 defensurum
809 599 850 688 ¹).
903 602 1026 669 Destitit
1056 626 1186 673 sossius
1208 618 1241 674 et
1261 609 1305 675 ita

277 717 328 784 lex
351 717 390 782 de
413 716 533 782 ambitu
554 713 677 801 perlata
699 723 762 792 est,
787 734 852 799 qua
875 716 1029 782 sancitum
1052 718 1096 808 ²).

351 831 376 897 1.
412 839 449 893 ut
471 849 572 914 poena
597 826 725 914 gravior
748 836 836 893 esset.

331 943 374 1007 11.
410 953 447 1006 ut
470 940 572 1005 forma
591 937 781 1003 iudiciorum
800 937 926 1004 brevior
943 941 1098 1009 existeret.
1152 898 1201 988 ³)‘'

317 1053 375 1119 111.
411 1061 447 1115 ut
469 1051 524 1136 qui
547 1049 685 1113 alterum
707 1047 861 1113 indicaret
880 1050 1016 1116 ambitus
1033 1054 1099 1138 ipse
1121 1053 1202 1120 liber
1229 1067 1308 1122 esset

416 1164 440 1228 si
463 1161 559 1227 huius
582 1161 721 1227 criminis
744 1161 808 1225 iam
831 1161 999 1227 damnatus
1022 1163 1126 1231 fuerat
1149 1166 1190 1254 ⁴).

322 1278 377 1346 lv.
414 1275 529 1360 utqui
552 1274 772 1361 magistratum
799 1275 966 1362 gessissent
987 1276 1027 1341 ab
1049 1278 1116 1342 eius
1135 1279 1307 1346 Consulatu

411 1389 516 1474 primo
539 1385 580 1451 ad
602 1387 730 1450 tertium
758 1385 797 1450 ad
826 1396 970 1453 aetorum
994 1390 1149 1457 rationem
1172 1391 1307 1459 redden-

413 1500 485 1565 dam
510 1510 636 1586 possent
657 1499 764 1564 vocari
789 1498 830 1587 ⁵).

338 1615 379 1681 V.
414 1635 454 1676 ne
479 1612 548 1697 quis
571 1633 662 1675 reum
686 1609 831 1674 laudaret
855 1609 895 1698 ⁰).
933 1685 936 1692 ,

279 1764 284 1777 ·
322 1726 378 1794 vl.
414 1732 451 1787 ut
474 1723 611 1808 primum
637 1731 729 1786 testes
752 1721 913 1787 durentur.

323 1835 372 1901 Ad
395 1837 419 1902 Ι.
468 1836 558 1915 Quae
588 1834 683 1899 fuerit
707 1833 763 1898 illa
791 1856 892 1920 poena
915 1835 1043 1922 gravior
1065 1835 1136 1925 lege
1158 1837 1308 1923 Pompeia

278 1950 421 2015 instituta
450 1947 555 2012 neseio
576 1944 622 2034 ⁷);
653 1944 728 2010 dicit
758 1969 789 2012 v.
814 1968 930 2011 susan:
967 1946 1097 2013 fortasse
1117 1958 1309 2036 perpetuum

278 2061 408 2128 exilium
444 2060 538 2124 fuisse
572 2057 728 2122 damnatis
757 2058 945 2145 irrogatum.
989 2061 1022 2123 Si
1051 2082 1153 2146 poena
1178 2061 1311 2149 gravior

278 2182 326 2238 est
348 2173 506 2259 irrogata,
531 2179 569 2234 ut
583 2180 714 2255 apparet
729 2193 768 2234 ex
788 2192 939 2249 ascenso,
963 2172 1043 2236 ratio
1059 2171 1170 2237 suadet
1192 2183 1228 2238 ut
1251 2195 1309 2239 co-

278 2284 416 2373 gitemus
449 2281 489 2346 de
519 2302 602 2366 aqua
625 2291 664 2345 et
693 2281 759 2368 igni
792 2281 1010 2347 intenlietione
1043 2283 1075 2347 in
1106 2295 1307 2370 perpetuum.

279 2393 373 2476 Quod
408 2404 513 2458 tamen
544 2392 662 2480 legitur
696 2392 781 2478 apud
811 2416 970 2459 annianum
991 2393 1034 2483 1);
1072 2396 1152 2477 „sai
1181 2395 1308 2462 πάντων

280 2508 396 2588 ,,φυγὴ
417 2503 639 2583 κατέγνωστο”
672 2526 736 2568 non
760 2504 914 2591 siguificat
941 2507 1086 2571 omnibus
1108 2506 1201 2573 fuisse
1223 2530 1309 2594 aqua

280 2627 312 2683 et
329 2617 395 2704 igni
412 2615 627 2692 interdictum,
649 2615 702 2679 sed
718 2614 797 2680 haee
812 2615 909 2681 verba
927 2617 1030 2683 solum
1046 2619 1184 2685 indicant
1196 2642 1308 2685 omnes

280 2728 354 2793 istus
377 2750 447 2794 reos
470 2726 564 2792 fuisse
587 2726 760 2793 damnatos.
807 2728 945 2795 Poenam
965 2753 1036 2797 eam
1060 2731 1154 2798 fuisse
1176 2754 1259 2820 aqua
1278 2741 1311 2798 et

280 2839 348 2928 igni
370 2837 621 2903 interdictionem
644 2838 677 2902 in
701 2848 890 2924 perpetuum
914 2840 1006 2905 multi
1027 2840 1054 2928 ⁹)
1080 2841 1235 2908 eonfieere
1252 2864 1310 2909 vo·

281 2948 355 3016 lunt
375 2974 414 3014 ex
436 2950 536 3015 tribus
559 2949 636 3015 loeis
650 2948 713 3038 10),
737 2949 791 3015 sed
813 2973 908 3016 nemo
929 2950 990 3017 hoc
1008 2976 1048 3018 ex
1070 2952 1133 3018 illis
1147 2954 1311 3021 vocabulis

282 3060 374 3129 facile
397 3072 496 3129 eruet.
544 3063 674 3150 Legitur
697 3061 775 3128 nihil
795 3061 881 3128 aliud
905 3086 1000 3150 quam
1024 3065 1159 3132 ambitus
1177 3065 1309 3133 damua-

317 3326 337 3394 1)
355 3328 423 3379 Asc.-
438 3345 462 3394 p.
480 3343 523 3380 ou.
542 3333 584 3380 at.

318 3408 339 3472 ²)
357 3427 383 3462 v.
401 3426 489 3461 nunus
503 3413 563 3461 diss.
582 3412 600 3460 1.
618 3427 645 3475 p.
665 3418 713 3462 10³
731 3429 784 3480 sqq.

318 3492 338 3561 ὅ)
357 3498 420 3546 Asc.
440 3511 463 3560 p.
482 3511 524 3546 oa.
544 3501 586 3546 at.

317 3578 338 3647 ⁴)
356 3581 426 3632 Aee.
445 3583 476 3631 B.
495 3581 524 3631 C.
543 3582 580 3631 11.
601 3587 642 3631 24.

319 3664 338 3734 ⁵)
358 3669 426 3718 Aru.
444 3667 477 3716 B.
496 3665 525 3716 C.
546 3667 582 3715 11.
602 3671 643 3716 23.

317 3751 339 3818 fij
357 3754 408 3802 Dio
426 3765 529 3802 cassius
548 3752 605 3800 XL.
625 3756 667 3800 52.

318 3838 339 3904 7)
357 3854 382 3889 v.
401 3853 489 3887 nunus
508 3852 547 3900 op.
567 3837 583 3885 l.
603 3852 626 3901 p.
648 3840 704 3885 104.
742 3835 780 3885 Cf.
799 3849 932 3886 manumve
949 3838 981 3888 de
999 3839 1080 3903 Legg.
1099 3845 1140 3889 28.

319 3924 340 3976 81
358 3925 427 3975 Anu.
446 3925 478 3971 B.
497 3922 526 3972 C.
545 3923 581 3971 11.
601 3927 642 3970 2⁴.

319 4007 339 4073 ⁹)
357 4010 447 4059 Dnuss.
466 4009 503 4057 11.
523 4023 546 4070 p.
566 4011 624 4056 352.
644 4007 698 4056 init.
735 4006 810 4055 Ram.
830 4022 869 4071 op.
889 4007 905 4056 1.
924 4023 948 4072 p.
967 4010 1027 4057 718.

309 4094 344 4160 ¹⁰)
361 4096 416 4146 Cle.
436 4094 468 4143 ud
486 4093 541 4143 nu.
560 4093 609 4142 IX.
631 4098 670 4142 lt.
689 4093 723 4142 X.
744 4095 845 4155 4.§8.
872 4093 950 4145 Caua.
968 4095 1000 4144 de
1016 4096 1049 4145 B.
1064 4094 1094 4150 G.
1112 4096 1163 4147 111.
1185 4101 1206 4145 1.
