2910 4950
735 400 773 461 21

284 601 418 682 Omnes,
454 604 508 689 qui
541 601 581 669 de
609 601 729 667 ambitu
762 608 914 690 egerunt,
950 602 1045 669 etiam
1074 603 1260 692 interpretes

238 713 425 801 attigerunt,
456 736 552 780 nemo
580 725 686 780 temen
715 713 821 779 adhuc
842 713 1045 801 perspicuum
1067 715 1157 795 fecit,
1183 715 1259 802 quid

236 824 363 890 taudem
388 825 519 891 fecerint
541 826 573 891 in
592 826 750 915 suffragiis
773 826 890 891 civium
913 827 1153 914 corrumpendis
1179 826 1219 914 ¹).

612 1010 614 1015 ’
710 999 726 1081 t
750 1000 781 1064 2.

605 1131 659 1197 De
679 1129 887 1218 sequestribus.

279 1270 509 1357 „Sequestres”
532 1270 607 1337 dicit
635 1295 677 1337 ve.
709 1293 859 1337 recurres
883 1270 910 1359 ²)
945 1279 1047 1353 „sunt
1070 1268 1154 1357 apud
1177 1291 1256 1356 quos

233 1384 393 1467 „pecunia
422 1381 637 1468 deponitur;’'
658 1382 744 1468 quod
762 1379 980 1469 accipiendum
1005 1391 1052 1448 est
1074 1403 1112 1448 ea
1133 1381 1255 1470 siguifi-

232 1492 355 1558 catione
376 1493 402 1557 ei
424 1493 463 1559 de
485 1494 606 1560 ambitu
628 1516 732 1560 sermo
754 1505 809 1560 est.

274 1606 312 1669 In
334 1603 405 1670 iure
427 1605 512 1671 civili
525 1605 552 1696 ³)
577 1618 737 1694 sequester
755 1606 879 1671 dicitur
893 1605 1008 1693 „apud
1026 1629 1121 1693 quem
1145 1605 1254 1692 plures

229 1714 385 1795 „eandem
411 1740 497 1798 rem,
521 1717 561 1784 de
586 1740 649 1806 qus
680 1718 895 1785 controversis
926 1727 986 1797 est,
1021 1717 1250 1805 deposuerunt;

229 1825 355 1907 „dictus
373 1827 413 1893 ab
435 1852 488 1909 eo,
514 1829 599 1915 quod
621 1831 801 1896 occurrenti
824 1840 881 1895 out
906 1830 994 1916 quusi
1017 1830 1159 1915 sequenti
1182 1852 1251 1905 eos,

229 1937 309 2022 „qui
328 1937 539 2017 contendunt,
563 1939 771 2005 committitur
795 1938 859 2026 ⁴).''

271 2047 480 2127 Dissentiunt,
511 2049 593 2114 sicut
616 2048 685 2114 fieri
707 2049 786 2115 solet
808 2050 840 2115 in
863 2048 1065 2136 Etymologis
1085 2051 1250 2114 Romano-

227 2179 317 2237 rum,
342 2157 485 2224 homines
507 2158 547 2225 de
567 2159 662 2226 huius
684 2159 829 2226 vocabuli
852 2160 1055 2227 derivatione.

270 2271 470 2337 Mouusrmue
494 2271 616 2339 derivat
634 2297 654 2341 s
670 2277 836 2362 sequendo,
850 2272 937 2361 quod
953 2273 1049 2341 etiem
1068 2273 1154 2360 apud
1173 2296 1248 2339 cru-

225 2402 302 2444 non
332 2379 451 2467 legitur
475 2381 515 2470 ⁶).
562 2383 623 2449 Alii
653 2394 765 2449 contre
794 2406 814 2450 s
842 2406 926 2450 seem
954 2383 1162 2451 derivandum
1189 2408 1248 2471 pu·

223 2501 292 2557 tunt
316 2491 343 2579 ⁸)
376 2491 427 2557 vel
454 2515 474 2559 a
499 2516 590 2582 ecquo
612 2495 633 2562 i.
657 2518 686 2562 e.
708 2497 776 2562 dico
799 2494 840 2585 ⁷).
888 2496 1035 2578 Quarum
1057 2494 1150 2562 nulla
1171 2518 1247 2562 vere

223 2626 289 2669 esse
311 2602 445 2671 videtur.
491 2607 592 2672 Locus
614 2629 729 2672 urium
753 2606 801 2696 ⁸):

244 2722 307 2796 „tu
317 2713 408 2779 istinc
417 2713 510 2780 hodie
521 2738 585 2781 uon
593 2715 1001 2805 fereenisideseequestrem
1009 2716 1242 2799 autarbitrum,

169 2843 173 2850 ·
242 2824 361 2907 „cuiue
383 2823 462 2890 haec
484 2848 535 2892 res
557 2827 712 2893 arbitratu
733 2827 828 2909 fist;’'

254 3071 275 3139 ¹)
291 3074 352 3125 Non
382 3076 491 3127 absurde
522 3091 610 3129 eorum
635 3078 734 3129 videtur
760 3076 859 3141 opinio,
890 3077 935 3142 qui
960 3082 1071 3127 statuunt
1096 3076 1240 3128 eendidutoe

215 3159 296 3211 solere
317 3173 362 3224 per
383 3160 532 3225 interpretes
557 3163 687 3225 egeretis
712 3160 839 3225 suffragiis
864 3161 990 3223 uuerde,
1015 3162 1149 3227 peemmm
1174 3163 1241 3228 apud

214 3250 354 3312 sequestres
371 3244 523 3309 deponentes
539 3262 603 3313 quse
620 3262 637 3297 a
653 3247 800 3298 divisoribus
817 3247 951 3299 dividetur.

248 3326 270 3395 ²)
288 3330 332 3379 Ad
349 3342 399 3380 cic.
418 3331 492 3381 Verr.
510 3330 532 3379 Ι.
554 3335 584 3381 12
604 3332 619 3395 5
638 3334 680 3382 36.

247 3411 269 3482 ⁸)
286 3415 317 3464 L.
340 3418 396 3465 110.
415 3415 441 3465 ff.
459 3415 490 3466 de
508 3416 586 3466 Verb.
605 3417 669 3480 sign.

246 3495 268 3565 ⁴)
284 3498 420 3561 Dimuri,
443 3498 565 3550 Muuuele
586 3500 645 3551 Lst.
666 3499 743 3551 Font
766 3499 820 3550 Iur.
842 3496 898 3550 Civ.
922 3512 947 3561 p.
977 3500 1028 3548 873
1051 3510 1088 3562 sq.
1107 3498 1143 3549 eie
1164 3497 1236 3550 dicit:

210 3589 336 3650 squoeter
352 3584 388 3645 is,
404 3584 447 3635 cui
462 3585 575 3636 custodie
599 3584 637 3636 rei
661 3585 694 3636 de
709 3599 761 3650 qm
783 3584 933 3649 disceptetur
947 3581 1014 3633 inter
1035 3581 1146 3649 sliquos,
1169 3597 1235 3634 eom·

211 3668 288 3718 misse
304 3673 349 3717 est.

245 3747 267 3818 ⁵)
284 3749 368 3802 Gur..
384 3750 420 3803 N.
437 3751 473 3802 A.
490 3751 554 3803 XX.
575 3756 614 3803 ll.

241 3833 263 3902 ⁶)
278 3836 316 3887 Η.
338 3848 466 3887 vurmius
484 3851 525 3902 sp.
542 3851 686 3892 miuron
703 3837 833 3892 Amoenit
850 3838 903 3890 lur.
921 3835 978 3892 civ.
1001 3851 1026 3903 p.
1045 3840 1105 3888 373.
1144 3836 1230 3889 Lutet.

208 3921 289 3973 Puris.
310 3925 385 3972 1677.

241 4005 459 4073 &Mum

241 4089 263 4158 ⁸)
280 4092 379 4144 Puer.
397 4092 462 4144 Rud
480 4092 529 4145 1v.
548 4098 573 4144 3.
