2910 4950
701 373 743 435 14

210 577 510 662 „circumstantibus
539 589 707 664 exceptum
735 575 775 643 ad
797 579 953 664 populum
977 580 1116 646 manavit
1138 603 1234 648 caus·

210 715 366 778 „samque
388 690 533 777 repulsae
555 688 693 775 Scipioni
716 689 862 755 attulit.”‘
879 700 951 756 cett.

253 803 343 890 Opus
365 814 434 868 erat
455 813 492 867 ut
518 800 674 866 candidati
704 825 966 888 unumquemque
996 814 1182 890 prensarent
1203 815 1235 870 et

209 916 341 981 comiter
363 914 623 1000 colloquerentur
644 936 719 979 cum
738 913 858 979 civibus
876 915 1093 1002 cuiuscunque
1115 915 1235 982 ordinis

209 1035 242 1089 et
262 1024 288 1089 si
309 1022 528 1090 nomenclator

582 1143 708 1222 „cogat
729 1143 815 1200 trans
838 1134 979 1222 pondera
1000 1134 1145 1204 dextram

344 1242 558 1332 „porrigere”
586 1243 626 1332 ¹).

253 1356 350 1423 Aliud
373 1379 474 1445 genus
496 1355 721 1422 blanditiarum
746 1367 902 1422 memorat
923 1379 1041 1423 crcuno
1059 1358 1117 1447 ²);›
1133 1359 1234 1428 solere

210 1467 407 1546 candidatos,
431 1467 522 1555 (quos
540 1479 633 1533 vocat
647 1470 800 1535 nationem
819 1469 1085 1561 officiarimimam)
1107 1473 1233 1539 obviam
1312 1524 1318 1532 .

209 1579 256 1645 ire
279 1581 451 1666 unicuique
472 1602 513 1645 ex
539 1580 702 1666 provincia
728 1579 907 1661 decedenti,
934 1583 989 1669 qui
1011 1582 1111 1649 honos
1130 1607 1234 1650 ersom

209 1713 250 1756 ex
261 1690 441 1757 Macedonia
456 1689 618 1756 decedenti
637 1713 702 1756 non
717 1702 763 1756 est
774 1692 910 1774 habitus;
928 1693 1014 1781 quod
1025 1715 1140 1761 cronno
1152 1680 1232 1762 arri·

209 1801 279 1888 puit
301 1812 337 1866 ut
359 1803 388 1865 ei
409 1800 470 1866 hoo
492 1800 565 1865 satis
588 1800 699 1865 acerbe
722 1801 871 1868 obiiceret
894 1800 935 1889 ³).

253 1913 390 1976 Romani
418 1911 571 1997 permulti
600 1921 706 1978 tamen
735 1912 822 1978 hunc
851 1913 981 1980 modum
1003 1915 1132 2001 petendi
1153 1939 1231 1982 con-

209 2023 408 2101 temnebant,
434 2034 465 2087 et
487 2034 598 2116 notum
623 2034 670 2087 est
691 2023 772 2088 illud
795 2023 834 2090 de
856 2046 990 2103 carseo,
1015 2049 1109 2113 quem
1134 2028 1232 2115 pude-

210 2133 266 2200 bat
287 2134 331 2200 ita
353 2144 460 2220 petere
481 2133 636 2200 honorem
659 2156 678 2198 a
696 2135 884 2217 Quiritibus,
908 2137 1033 2204 siaocer
1055 2162 1231 2220 sonarem,

209 2248 260 2312 vir
280 2268 424 2312 summae
453 2247 615 2334 gravitatis
638 2248 671 2312 in
696 2247 766 2313 foro
788 2246 839 2313 vel
862 2248 895 2312 in
919 2251 1051 2315 comitiis
1072 2251 1181 2316 aderat
1202 2254 1234 2344 ⁴).

209 2359 343 2445 „itaque
373 2358 507 2447 rogabat
535 2381 668 2425 onassm
698 2381 790 2424 eum:
821 2366 886 2439 „ut
911 2379 930 2422 a
952 2381 986 2424 ee
1008 2359 1085 2426 dum
1108 2361 1233 2449 ineptae

209 2471 282 2553 „rei
303 2469 490 2551 deserviret,
514 2468 719 2536 discederet.”

253 2585 288 2662 γ’
312 2583 494 2649 Aeciduitoe.

253 2697 339 2762 Haec
361 2705 446 2774 erat,
478 2705 515 2759 ut
536 2690 683 2758 omnibus
705 2690 772 2756 fere
793 2689 918 2769 diebus,
950 2691 1064 2778 quibus
1085 2693 1153 2762 fieri
1175 2720 1231 2783 po-

209 2818 304 2888 terat,
328 2807 447 2895 populo
475 2803 688 2891 supplicarent
707 2800 863 2883 candidati
887 2806 1071 2889 praesertim
1092 2809 1231 2890 Romae3

210 2926 243 2982 at
265 2939 364 3003 quum
387 2915 496 2982 rustici
518 2913 612 2977 etiem
635 2910 773 2977 multum
796 2911 938 2979 valerent
955 2915 989 2980 in
1007 2917 1230 3005 suffragando,

243 3121 264 3189 ¹)
282 3124 386 3180 Hennr.
404 3119 451 3183 Ep.
466 3118 488 3166 Ι.
504 3121 575 3166 dvc.
594 3121 634 3166 51.
652 3117 744 3169 -De
762 3119 809 3168 hoc
826 3118 881 3170 loco
898 3121 993 3172 multae
1011 3131 1111 3173 exstant
1125 3125 1234 3189 explica·

209 3209 304 3264 tionca,
322 3219 355 3253 ax
372 3203 462 3266 quibus
479 3208 546 3250 certe
564 3200 609 3250 illa
625 3200 689 3251 falsa
705 3209 756 3262 est,
774 3219 849 3267 quam
866 3206 1023 3268 protulerunt
1040 3215 1094 3258 tum
1108 3209 1165 3269 alii,
1180 3218 1234 3260 tum

210 3293 351 3342 Lrnnmus
378 3295 402 3337 et
428 3299 588 3335 ronnnnrrue
614 3287 647 3334 ad
673 3287 698 3335 h.
722 3287 739 3335 l.
757 3289 801 3352 qui
818 3289 902 3339 dicant
925 3289 973 3340 hoc
993 3292 1029 3341 ita
1045 3293 1093 3341 dici
1114 3295 1235 3356 quoniam

212 3388 316 3426 acervus
334 3371 484 3422 admonebat
500 3371 659 3420 candidatum
677 3380 705 3421 ut
721 3373 838 3423 dextrum
856 3388 870 3424 c
890 3382 962 3438 toga,
979 3391 1030 3440 qna
1049 3378 1179 3428 brachium
1196 3394 1235 3428 co·

212 3460 365 3511 nhibcbatur
379 3464 506 3506 exsereret
521 3456 603 3520 quod,
620 3457 710 3507 dextra
727 3459 836 3522 pondere
854 3467 927 3522 togae
944 3471 1061 3522 gravata
1079 3463 1235 3530 ducalique

213 3544 391 3598 ‚incommodo
408 3543 463 3592 fiori
479 3543 523 3592 vix
541 3545 661 3606 poterat”
679 3572 714 3581 —
730 3543 770 3596 Cs.
788 3546 943 3606 Parmos,
960 3547 1019 3596 dise.
1037 3546 1055 3596 l.
1073 3563 1097 3612 p.
1120 3551 1158 3598 17.

246 3628 267 3696 ²)
285 3630 340 3681 Cro.
357 3643 382 3692 p.
400 3627 468 3676 Mur.
486 3631 519 3677 ³³
539 3628 553 3689 ς
571 3631 613 3677 59.

245 3711 266 3781 ⁸)
284 3714 339 3765 Crc.
358 3713 385 3762 in
403 3712 454 3760 Pie.
475 3716 506 3760 23
528 3713 542 3775 §
561 3716 602 3761 55.

245 3796 266 3865 ⁴)
284 3800 354 3849 Vri.
378 3797 453 3846 Max.
475 3797 524 3846 1v.
550 3800 563 3844 5
581 3798 596 3859 ξ
619 3803 643 3847 4.
662 3824 696 3834 -
716 3796 790 3858 Quod
804 3798 839 3848 aie
858 3805 943 3849 narrat
960 3813 1145 3854 munuca:
1163 3801 1233 3854 Grnt.

131 3911 139 3931 2
212 3883 386 3936 limentana
403 3897 425 3931 c.
448 3883 477 3930 lt
496 3884 579 3945 pltt
590 3883 629 3931 ed.
647 3895 788 3933 acuum:
807 3881 941 3945 aeQuacao,
960 3886 1055 3954 inquit,
1070 3901 1149 3948 uuor,
1166 3890 1235 3953 panl-

214 3969 310 4034 nliaper
328 3968 434 4018 abcedoo
453 3981 498 4017 occ
515 3967 635 4016 comitatu
658 3973 702 4016 tuo
718 3968 846 4018 honestari
868 3984 911 4020 me
933 3982 1017 4036 putam
1037 3973 1142 4038 impedio
1159 3973 1235 4023 hono

215 4068 288 4104 ‚rem
305 4068 403 4112 meum;
421 4062 445 4102 tc
463 4058 602 4116 spectante,
622 4051 719 4114 ineptus
737 4066 790 4102 esec
809 4068 859 4103 nen
877 4060 1001 4119 pomum.w
