2910 4950
773 390 835 454 186

290 623 330 666 ex
352 597 475 665 duabus
497 597 683 684 provinciis,
707 597 735 661 ei
759 618 918 674 concessa,
935 597 960 685 1)
986 609 1018 663 et
1040 598 1176 664 vidimus
1198 623 1314 670 urrinni

289 736 347 779 suo
387 722 494 777 sumtu
536 720 607 796 post
640 697 855 774 consulatum
873 711 906 774 in
941 707 1083 776 Ciliciam
1117 711 1313 798 provinciam

290 825 554 912 proficiscentem,
589 825 616 909 2)
649 822 764 908 quippe
791 822 846 907 qui
873 831 938 886 tam
962 821 1163 889 vehementer
1185 827 1314 911 provin·

290 937 371 1001 ciam
392 933 527 1021 spoliare
545 944 691 1020 cuperet,
713 944 749 997 ut
768 932 871 1020 legem
889 934 1042 1000 curiatum
1058 947 1237 1022 exspectare
1248 960 1315 1003 non

289 1056 402 1134 posset.
449 1046 482 1110 Si
505 1046 603 1132 igitur
628 1067 685 1130 per
708 1044 849 1129 quinque
872 1064 971 1109 annos
994 1043 1214 1110 abstinendum
1238 1058 1318 1113 esset

289 1159 422 1244 rapinis,
448 1157 538 1222 furtis
562 1166 633 1222 cett.
661 1157 692 1220 in
717 1155 883 1241 provinciis
915 1178 978 1220 non
1006 1166 1126 1222 tantam
1149 1160 1317 1243 pecuniam

290 1268 403 1347 credo,
426 1268 620 1334 collocarent
642 1265 800 1332 candidati
817 1267 849 1331 in
870 1268 1095 1355 suffragiorum
1114 1270 1250 1334 emtione
1267 1269 1318 1335 vel

290 1384 323 1448 in
336 1381 569 1469 praerogativa,
591 1389 628 1443 ut
644 1379 787 1444 fecerunt
806 1402 941 1444 nussum
955 1391 1042 1458 cett,
1063 1401 1138 1444 nam
1150 1380 1213 1443 iam
1224 1390 1319 1444 antea

290 1494 350 1560 hoc
365 1504 434 1558 erat
448 1492 661 1558 observatum:
676 1491 935 1573 „nonnullorum
954 1493 1128 1557 amicorum
1144 1488 1246 1556 studia
1259 1494 1318 1557 mi·

291 1607 368 1690 „nui
386 1607 418 1669 in
436 1626 503 1682 eos,
521 1627 539 1668 a
554 1604 668 1690 quibus
686 1605 863 1690 provincias
879 1606 1037 1670 contemni
1052 1604 1273 1692 intelligant,'’
1288 1604 1316 1694 ⁸)

220 1765 223 1769 A
291 1726 323 1782 et
343 1717 411 1782 sine
431 1714 527 1780 dubio
545 1717 640 1780 etiem
660 1714 761 1780 studia
781 1716 909 1782 illorum
929 1718 1104 1783 amicorum
1125 1716 1321 1782 refrixerunt

291 1829 401 1894 ineos
428 1828 482 1912 qui
512 1839 583 1913 post
611 1828 753 1914 quinque
780 1826 909 1894 demum
938 1851 1037 1894 annos
1059 1828 1210 1894 haberent
1231 1828 1319 1915 quod

291 1940 399 2006 amicis
418 1938 493 2003 dare
512 1950 544 2004 et
560 1939 694 2005 obiicere
713 1950 847 2025 possent.
884 1942 1052 2006 Praeterea
1075 1940 1135 2006 hoc
1158 1952 1319 2008 mutatum

291 2063 373 2131 eret,
391 2063 427 2116 ut
447 2052 501 2138 qui
521 2051 702 2117 consulares
717 2064 748 2117 et
760 2055 909 2138 praetorii
925 2054 957 2118 in
969 2054 1163 2140 provinciam
1176 2053 1320 2119 nondum

290 2166 393 2230 ierant
417 2162 443 2252 ⁴)
469 2165 562 2230 etiam
578 2165 781 2258 provinciam
805 2164 992 2231 obtinerent.
1042 2165 1094 2230 Sic
1116 2175 1148 2230 et
1170 2187 1321 2232 cronnonr

292 2287 403 2341 contra
425 2275 621 2341 voluntatem
643 2287 676 2340 et
697 2277 876 2362 opinionem
901 2276 1013 2343 occidit
1035 2288 1072 2342 ut
1094 2300 1168 2343 cum
1187 2279 1320 2364 imperio

291 2388 324 2452 in
340 2389 533 2475 provinciam
551 2388 627 2466 irct,
649 2411 749 2473 quum
766 2399 859 2453 antea
878 2388 1014 2454 liberum
1035 2400 1114 2455 esset
1132 2391 1320 2479 magistratu

292 2499 409 2564 functis
441 2499 474 2564 in
510 2498 588 2563 urbe
622 2521 752 2564 manere
779 2499 829 2564 vel
859 2501 891 2565 in
924 2501 1119 2586 provinciam
1150 2502 1210 2581 ire,
1233 2501 1320 2588 quod

292 2632 407 2677 cronno
426 2609 546 2675 scribit:
569 2621 755 2697 „postremo
774 2621 809 2675 tu
830 2612 868 2702 (s.
885 2612 1052 2700 sunrmrus)
1074 2612 1106 2678 in
1123 2613 1318 2701 provinciam

292 2725 364 2808 „ire
385 2723 524 2789 noluisti.
560 2724 629 2788 Non
654 2745 780 2809 possum
803 2723 835 2788 id
854 2725 886 2789 in
910 2735 940 2789 te
964 2724 1209 2812 reprehendere,
1233 2724 1320 2811 quod

292 2838 349 2921 „in
373 2859 424 2900 me
447 2835 514 2922 ipso
537 2848 568 2900 et
586 2847 712 2922 praetor
730 2848 762 2902 et
780 2837 891 2902 consul
910 2836 1075 2923 probavi.”
1097 2837 1124 2926 ⁵)
1162 2838 1321 2903 Ponrnrue

292 2959 398 3015 tamen
423 2948 496 3014 fecit
518 2970 616 3014 unum
639 2950 672 3013 in
698 2948 865 3014 consulatu
887 2951 1119 3037 exceptionem3
1153 2949 1211 3015 sibi
1233 2949 1319 3015 enim

292 3062 475 3148 Hispaniam
509 3062 541 3125 in
572 3060 803 3147 quinquenium
837 3059 977 3128 decrevit
1010 3063 1037 3151 6)
1073 3074 1104 3128 et
1132 3086 1173 3128 ne
1202 3061 1321 3128 invidio

293 3172 365 3239 inde
385 3183 568 3238 nasceretur
585 3172 679 3238 simul
696 3195 829 3238 cursum
846 3174 965 3261 aliquid
983 3186 1052 3241 erat
1070 3174 1318 3242 concedendum.

293 3285 375 3349 Huic
408 3285 506 3372 igitur
539 3285 601 3349 alia
635 3287 776 3372 exceptio
813 3286 948 3352 dabatur
984 3288 1065 3354 alius
1100 3288 1208 3374 capitis
1241 3287 1321 3375 legis

293 3397 470 3482 Pompeiae.
517 3398 593 3461 Erat
615 3398 699 3461 enim
723 3408 852 3464 cautum
875 3399 984 3467 eadem
1008 3400 1079 3490 lege
1101 3422 1184 3488 quoe
1206 3400 1322 3466 inscri-

328 3664 347 3731 ι)
365 3665 420 3717 Cic.
440 3666 466 3715 in
484 3666 536 3715 Pis.
556 3672 571 3715 2
592 3668 606 3729 §
625 3672 649 3716 5.

328 3748 753 3816 ²tcrc.aontu1v.1otm.

327 3832 347 3896 ⁵)
367 3835 421 3884 Cre.
440 3851 464 3899 p.
484 3835 552 3884 Mur.
572 3841 604 3884 20
623 3834 636 3899 t
654 3840 695 3884 42.

327 3917 348 3981 ⁴)
366 3917 421 3968 Crc.
439 3919 471 3967 od
488 3918 561 3968 Fom.
580 3919 630 3966 111.
650 3924 673 3967 2.

329 3999 349 4067 5)
367 4002 421 4053 Cle.
440 4018 464 4067 p.
483 4004 551 4052 Mur.
571 4008 612 4051 20.
633 4005 647 4065 ξ
666 4007 707 4050 42.

328 4085 349 4153 6)
368 4087 435 4137 Arr.
455 4088 485 4137 B.
505 4086 533 4140 C.
553 4088 588 4137 11.
608 4092 649 4136 24.
682 4086 763 4139 Puur.
781 4087 871 4154 Pomp.
891 4091 932 4138 55.
967 4088 1020 4139 D10
1039 4099 1142 4140 cteelue
1158 4086 1217 4138 XL.
1235 4089 1277 4138 56.
