2910 4950
703 401 720 461 6

251 610 319 673 lloc
349 606 531 692 praesertim
561 604 698 693 agebant
724 615 761 671 ut
789 629 829 671 nc
858 606 916 671 soli
946 602 1169 671 descenderent
1195 604 1227 667 in

208 718 314 785 forum
331 716 399 782 ·vel
432 719 465 783 in
496 738 661 803 campum;
694 718 786 805 amici
817 718 854 782 iis
879 717 905 806 ι)
939 715 1085 795 aderant,
1115 713 1230 802 quibus

209 853 325 897 nomen
348 841 418 895 erat
439 829 549 894 datum
572 840 753 895 sectatorum
775 828 817 916 ²).

255 943 312 1021 lli,
338 942 391 1026 qui
410 941 532 1027 quoties
550 940 733 1007 candidatus
754 940 849 1007 domo
862 941 927 1006 exit
949 942 981 1007 in
1001 940 1107 1007 forum
1129 938 1181 1005 vel
1199 939 1233 1005 in

212 1075 360 1139 campum
391 1051 613 1131 descensurus,
648 1074 722 1119 eum
755 1055 904 1119 dedeceant
937 1052 1035 1141 (quod
1061 1051 1121 1118 hac
1143 1051 1176 1117 in
1199 1071 1235 1115 re

212 1163 346 1230 verbum
377 1161 505 1229 solenne
534 1164 591 1253 cst)
624 1162 675 1229 vel
698 1187 737 1228 ex
760 1162 829 1230 foro
852 1187 925 1228 oum
947 1165 1093 1229 reducunt
1115 1161 1141 1250 ³)
1168 1160 1234 1246 ple-

213 1299 351 1363 rumque
373 1287 447 1341 sunt
468 1277 632 1341 examinis
656 1274 704 1363 ⁴),
737 1298 936 1362 quamquam.
953 1277 986 1340 in
1008 1296 1046 1339 ea
1068 1273 1237 1339 sectatione

215 1390 356 1456 cernitur
373 1388 467 1453 otiarn
485 1387 595 1477 populi
616 1386 762 1453 voluutas
780 1387 820 1477 ⁵).
858 1388 931 1470 Quo
949 1388 1051 1452 maior
1067 1385 1152 1451 enim
1170 1392 1239 1448 erat

216 1523 371 1567 numerus
392 1509 581 1565 sectatorum
605 1523 643 1563 co
664 1499 778 1565 melius
801 1501 908 1587 petitio
931 1497 1095 1565 candidato
1114 1517 1237 1583 proces·

217 1633 293 1677 sura
314 1610 489 1678 videbatur.

263 1719 476 1786 sectatoribus
492 1717 662 1784 nobiliores
680 1729 754 1785 sunt
772 1722 963 1799 deductores,
983 1742 1003 1785 a
1020 1717 1135 1805 quibus
1155 1717 1240 1783 mul·

218 1842 288 1901 tum
311 1829 480 1917 sperabant
501 1829 717 1918 candidatis),
742 1841 834 1895 erant
855 1831 939 1896 enim
958 1830 991 1896 hi
1007 1830 1183 1917 saepissime
1201 1851 1242 1894 ex

219 1943 418 2029 amplissimis
447 1941 567 2007 civibus
586 1941 633 2030 ⁷),
665 1943 721 2028 qui
751 1944 937 2008 auctoritate
963 1953 995 2008 et
1017 1943 1119 2030 gratia
1142 1940 1242 2027 polle-

218 2055 313 2134 bant,
345 2054 463 2141 qnique
490 2054 582 2119 certis
612 2053 805 2139 temporibus
828 2054 855 2143 ⁸)
889 2054 1090 2120 candidatum
1113 2053 1243 2119 comita·

220 2166 349 2233 bantur.
394 2165 555 2232 (Iurabant
581 2164 738 2230 candidati
761 2188 857 2251 quam
881 2164 1055 2252 plurimum
1079 2165 1158 2229 siin
1181 2185 1245 2248 pu-

221 2276 342 2342 blicum
364 2273 549 2362 prodiissent
571 2285 607 2339 ut
629 2274 746 2359 ubique
768 2274 912 2341 locorum
931 2275 1084 2341 baberent
1103 2273 1247 2339 homines

223 2385 407 2465 nobiliores,
435 2384 623 2471 quibuscum
647 2384 919 2471 colloquerentur,
951 2384 1151 2451 ambularent
1173 2391 1246 2451 cett.

228 2497 313 2584 quod
336 2496 446 2563 confici
469 2505 570 2583 potest
592 2519 632 2565 ex
654 2517 821 2563 nicanorus
844 2495 947 2561 verbis
968 2496 1014 2585 ⁹):

274 2611 411 2695 „Neque
437 2608 521 2673 enim
547 2607 615 2675 fieri
638 2618 755 2695 potest,
783 2631 886 2694 neque
915 2607 1139 2695 postulandum
1162 2619 1209 2675 est
1230 2632 1250 2675 a

229 2718 362 2804 „nobis,
391 2728 447 2783 nut
467 2718 508 2813 ab
530 2717 693 2803 Equitibus
716 2718 883 2797 Romanis,
912 2728 949 2783 ut
966 2741 1040 2784 suos
1061 2720 1251 2785 necessarios

229 2829 437 2925 „candidatos
456 2829 499 2919 ¹⁰)
525 2840 685 2897 sectentur
707 2840 787 2897 totos
813 2828 896 2909 dies,
920 2853 939 2896 a
962 2831 1076 2918 quibus
1094 2831 1119 2899 si
1138 2830 1252 2897 domus

265 3062 286 3129 ¹)
302 3062 342 3112 De
360 3062 399 3111 his
422 3068 508 3125 postea
530 3061 613 3123 legem
631 3075 685 3112 esso
704 3062 782 3111 latam
802 3062 837 3113 ita
853 3070 882 3111 ut
899 3062 1028 3111 nonnullis
1044 3062 1072 3110 in
1089 3061 1187 3111 casibus
1204 3076 1254 3112 sco·

230 3154 322 3201 tutores
334 3146 366 3195 sd
384 3146 500 3197 illicitam
517 3146 641 3195 honorum
664 3146 811 3209 petitionem
828 3146 916 3196 rotoni
930 3147 1038 3211 possint,
1056 3144 1122 3195 iufra
1135 3144 1253 3196 dicemus.

266 3229 287 3296 1)
306 3231 373 3295 [Cic.
391 3231 422 3279 de
440 3228 484 3282 Or.
501 3230 524 3279 1.
544 3231 558 3292 5
576 3234 626 3278 2³9
644 3230 726 3294 seqq]

267 3313 288 3377 ³)
306 3318 376 3367 vm.
391 3330 459 3365 unx.
477 3315 514 3366 ΙΙ.
537 3320 558 3364 1.
578 3317 593 3379 5
612 3320 635 3364 9.
654 3314 689 3364 aa
703 3313 794 3367 curium
811 3312 926 3366 ἅιᾱιισσσ
944 3321 970 3365 ot
985 3310 1105 3363 reducere.

267 3396 290 3460 ⁴)
307 3400 441 3449 Troum
460 3400 518 3449 diss.
536 3399 554 3449 l.
572 3414 596 3463 p.
616 3404 657 3449 55.

270 3481 290 3549 5)
307 3484 363 3535 Cre.
381 3499 405 3548 p.
423 3484 491 3533 Mur.
510 3490 544 3533 34
564 3486 578 3547 5
598 3488 629 3535 70
648 3498 685 3549 sq.

270 3568 291 3638 Β)
309 3570 341 3632 Q.
359 3570 390 3620 lr.
407 3571 438 3620 de
455 3578 505 3635 pet.
522 3568 598 3621 Cous.
617 3574 632 3619 9
652 3571 667 3633 5
685 3572 727 3619 36.

270 3655 291 3720 7)
309 3656 353 3707 Sic
369 3669 463 3705 crosno
480 3656 564 3707 scribit
582 3656 614 3705 ad
628 3654 752 3709 Atticum.
768 3650 928 3714 1.11.up1.
956 3650 991 3701 So
1008 3652 1165 3705 aemularum
1181 3652 1260 3719 (anuo

235 3750 291 3813 post
307 3739 473 3803 consulatum)
492 3741 561 3804 [cnm
576 3738 677 3799 Clodio]
694 3735 854 3785 candidatum
870 3732 1010 3783 deduxisse.

271 3828 292 3892 8)
309 3827 508 3890 Intelligendum
521 3826 569 3874 boc
582 3838 635 3875 osse
650 3822 748 3873 viderur
761 3819 793 3869 de
812 3825 904 3871 statuto
918 3818 968 3871 aiei
980 3828 1099 3887 tempora
1128 3820 1168 3879 Cf.
1183 3823 1261 3873 etism

238 3912 272 3977 Q„
289 3912 319 3962 fr.
337 3913 369 3962 de
383 3918 432 3976 pet
450 3909 526 3959 Com.
543 3908 562 3956 l.
580 3908 597 3957 1.

272 3994 293 4061 ⁹)
310 3996 366 4047 Cre.
386 4011 410 4059 p.
428 3994 496 4043 Mur.
516 3995 549 4041 84
568 3992 583 4053 5
602 3993 642 4039 70.

272 4078 303 4151 ιθ)
322 4081 397 4143 [Voc.
417 4074 557 4127 candidatus
573 4075 598 4125 h.
615 4074 632 4123 l.
647 4071 759 4139 spurium
776 4080 820 4125 ost.
856 4072 972 4127 Primam
986 4073 1037 4127 iam
1051 4071 1111 4125 sais
1128 4073 1192 4127 insa
1208 4084 1261 4127 roo.
