2910 4950
694 393 736 458 22

207 618 257 664 me
280 597 422 686 impulit,
447 607 484 665 ut
506 598 639 686 pedibus
660 598 741 688 mem
763 599 797 664 in
819 599 1007 665 sententiam
1030 622 1167 667 nasson
1182 601 1230 691 ¹),

208 710 263 795 qui
284 708 346 776 hoc
367 732 436 778 voc.
461 734 502 777 ex
520 710 647 777 Graeco
664 709 752 777 fonte
770 708 892 777 derivat
909 704 1024 798 nempe
1042 713 1231 790 absterrita

209 822 294 907 quod
316 822 470 889 Laconico
493 823 660 904 σικαστήρ.
685 822 728 911 ²).

253 934 349 1000 Cuius
378 933 534 1021 opinionis
559 933 687 1000 nullum
711 944 817 999 tamen
840 933 973 1020 protulit
994 944 1232 1022 argumentum.

210 1047 322 1112 Paucis
350 1045 450 1135 igitur
479 1045 581 1112 dicam
612 1045 688 1133 quid
718 1044 796 1111 mihi
825 1044 865 1112 de
895 1067 933 1110 ea
961 1069 997 1112 re
1030 1046 1232 1114 statuendum

211 1181 276 1223 esse
299 1156 452 1225 videatur.
576 1185 579 1191 ·
913 1165 914 1168 ’

255 1271 302 1334 Es
330 1269 402 1336 loco
423 1291 539 1335 essuri
561 1268 583 1338 l.
607 1270 810 1357 perspicuum
833 1277 879 1335 est
901 1267 978 1357 quid
999 1267 1096 1336 fuerit
1116 1290 1235 1336 munus

211 1383 388 1469 sequestris.
439 1384 485 1448 Ea
513 1380 668 1448 formula:
705 1381 760 1448 das
789 1394 970 1471 sequestrem
999 1392 1055 1448 aut
1084 1382 1234 1447 arbitram

212 1502 318 1580 postea
347 1492 391 1557 ita
420 1500 542 1557 mutata
571 1501 618 1557 est
647 1502 683 1557 ut
711 1490 753 1557 ad
781 1501 961 1579 praetorem
990 1491 1069 1558 haec
1094 1490 1235 1557 disserent

212 1604 367 1687 Quirites:
392 1602 551 1684 „Praetor
573 1602 702 1668 iadicem
724 1602 910 1668 arbitrumve
931 1601 1057 1688 postulo
1078 1602 1126 1667 uti
1146 1601 1233 1682 des'’;

214 1713 299 1781 unde
329 1724 460 1801 apparet
487 1712 624 1780 iudicem
654 1723 686 1778 et
714 1722 906 1798 sequestrem
928 1713 961 1779 in
984 1713 1021 1778 iis
1042 1713 1120 1779 locis
1141 1712 1237 1799 plane

213 1826 296 1893 idem
319 1825 496 1914 significare
517 1835 550 1890 et
569 1848 627 1913 per
649 1825 799 1912 temporis
820 1823 955 1909 spatium
981 1823 1007 1914 ³)
1032 1824 1111 1889 haec
1131 1823 1236 1892 solum

214 1961 279 2003 esse
309 1947 439 2003 mutata.
486 1939 527 2003 Ut
553 1937 648 2002 etiam
670 1933 755 2024 apud
778 1956 962 2001 cscsnosnn
984 1935 1112 2023 legatur
1134 1936 1237 2003 iocose

212 2074 253 2116 ex
282 2049 339 2115 illa
366 2050 434 2137 ipsa
463 2048 603 2115 formula
629 2049 780 2135 petitum:
811 2049 894 2114 ictos
922 2049 1084 2114 Romanos
1115 2049 1237 2115 nescire

211 2173 321 2228 utrum
344 2160 512 2227 dicendum
535 2169 615 2226 esset
636 2160 766 2226 iadicem
787 2181 829 2225 au
858 2160 1009 2224 arbitrrer
1033 2158 1074 2247 ⁴).

186 2359 188 2362 Ι
257 2275 343 2338 Haec
371 2271 470 2360 igitur
499 2273 628 2359 egregie
657 2271 779 2337 faciunt
800 2295 859 2358 pro
881 2294 953 2337 mea
975 2273 1138 2359 opinione,
1162 2271 1237 2358 qui-

212 2385 273 2451 bus
301 2382 481 2450 addendum
512 2393 572 2462 est,
604 2382 722 2447 frustra
744 2381 882 2469 aliquem
906 2408 947 2450 er
968 2383 1115 2473 analogia
1137 2383 1237 2448 Latini

214 2496 367 2561 sermonis
387 2493 612 2579 inquisiturum
634 2492 673 2559 de
695 2493 913 2576 substantivis,
933 2518 1015 2583 quae
1037 2497 1084 2560 in:
1108 2534 1154 2546 —
1176 2508 1238 2562 ster

214 2605 370 2673 desinunt.
416 2604 470 2670 illi
491 2616 667 2692 sequestres
688 2606 854 2692 pecuniam
877 2607 975 2696 igitur
996 2617 1161 2694 postquam
1184 2630 1236 2673 co-

216 2718 304 2784 mitia
321 2717 429 2783 habita
451 2728 531 2784 essct
551 2716 715 2784 solvebant
737 2719 802 2785 sive
819 2719 878 2806 ipsi
896 2719 928 2786 id
946 2718 1078 2786 fecerint
1097 2718 1162 2784 sive
1179 2740 1238 2805 per

217 2828 365 2895 divisores
387 2828 448 2894 hoc
471 2829 577 2896 locum
600 2829 755 2897 habuerit
847 2866 851 2874 ·

262 2942 335 3006 Iure
361 2963 466 3027 posses
495 2964 645 3007 carosam
669 2942 774 3008 dicere
796 2951 1006 3029 sequestrem,
1031 2964 1131 3028 quum
1153 2940 1238 3027 apud

215 3077 291 3122 eum
323 3052 520 3121 tribunatum
550 3054 678 3141 petituri
708 3054 803 3120 iurati
832 3053 998 3140 pecuniam
1029 3053 1238 3139 deposuerant

217 3176 254 3231 ut
282 3166 337 3252 qui
363 3164 403 3230 ab
425 3172 463 3232 eo
485 3164 622 3232 ambitus
642 3176 723 3232 esset
744 3164 912 3232 damnatus
933 3185 1003 3230 eam
1026 3162 1173 3250 perderet
1195 3163 1236 3251 ε).

252 3416 272 3482 ¹)
289 3421 320 3470 L.
339 3421 356 3469 1.
377 3436 400 3484 p.
419 3423 478 3471 att.
1060 3454 1064 3462 .

254 3500 274 3568 ²)
292 3503 331 3554 Cf.
358 3518 384 3555 o.
408 3516 445 3553 ur
466 3516 525 3554 uss
548 3505 608 3555 diss.
631 3504 663 3554 do
686 3500 730 3554 Or.
754 3516 792 3567 ps.
814 3500 902 3551 Plano
926 3498 996 3550 urst
1013 3515 1038 3549 a.
1055 3498 1139 3549 Rhea
1165 3503 1239 3551 1809.

218 3605 242 3653 p.
260 3594 293 3639 36
311 3605 349 3655 aq.
368 3605 393 3643 n·
412 3594 454 3638 23.

254 3670 274 3742 ³)
291 3674 408 3725 Fortasse
429 3668 484 3723 soc.
507 3679 629 3737 sequetur
650 3677 737 3737 postea
759 3671 842 3720 iocum
859 3670 925 3721 cedit
942 3684 995 3720 voc.
1013 3667 1097 3731 iudas,
1107 3709 1110 3713 .
1121 3673 1242 3737 quoniam

218 3759 244 3807 in
263 3764 391 3808 ‹mntemtu
409 3767 481 3807 erant
498 3764 636 3823 sequestres
652 3756 689 3805 ita
705 3762 734 3804 ot
750 3769 774 3811 o.
784 3767 912 3804 rscusms
928 3752 986 3804 hoc.
1001 3757 1057 3805 soc.
1075 3758 1197 3821 receperit
1215 3757 1240 3807 in

218 3844 326 3903 librum,
338 3843 382 3907 qui
398 3843 530 3906 inscriptus
545 3847 609 3891 erat:
623 3838 654 3888 ds
667 3838 744 3888 satis
757 3836 870 3888 sordidis.
888 3853 967 3889 east.
981 3840 1015 3891 N.
1024 3840 1059 3890 A.
1075 3840 1143 3892 XX.
1152 3846 1191 3892 11.
1208 3843 1241 3894 ci.

218 3929 304 3991 Scipio
320 3927 428 3978 Gentilis
446 3942 500 3976 voc.
520 3931 647 3988 ecquam.
666 3925 698 3977 T.
716 3926 752 3976 IL
771 3939 795 3990 p.
815 3929 873 3977 440.
891 3925 971 3991 Ncsp.
993 3928 1068 3978 176³.

254 4012 275 4078 6)
293 4012 348 4063 Cic.
366 4012 434 4060 Mur.
455 4015 486 4060 12
506 4011 521 4074 ξ
539 4012 581 4059 st.

255 4096 274 4164 ³)
292 4096 359 4148 Vide
376 4092 450 4145 inira.
