2910 4950
750 402 813 470 158

269 615 340 682 loco
364 612 410 702 ¹):
443 613 577 701 „agitur
602 632 653 678 cn.
680 632 807 678 ananan
834 613 933 690 salua
966 614 1095 698 patrio,
1121 612 1293 699 fortunae²⁹

268 726 354 792 unde
377 736 508 811 apparet
529 724 623 789 etiam
646 722 765 788 mulcta
799 723 864 811 [vel
886 723 1043 790 bonorum
1066 725 1292 818 publicatione]

269 838 377 926 puniri
398 859 472 901 eum
496 836 551 923 qui
573 835 702 922 exlege
726 834 843 899 Licinia
866 833 1033 900 damnatus
1049 838 1181 925 essem).
1216 841 1297 905 Fue·

268 951 351 1017 ritne
377 949 532 1015 damnatis
556 950 734 1013 incertum
760 947 911 1032 temporis
932 949 1069 1032 spatium
1096 948 1146 1013 vel
1170 951 1202 1014 in
1225 973 1298 1037 per·

269 1071 402 1150 potuum
433 1052 515 1147 aqua
548 1070 581 1125 et
614 1061 681 1147 igni
712 1058 913 1123 interdictum
944 1061 1093 1126 nescitur.
1139 1062 1299 1129 Mounssn

269 1172 353 1239 hano
382 1173 547 1258 amplexus
572 1181 620 1236 est
642 1172 820 1256 opinionem
841 1171 887 1258 8);
922 1194 983 1258 ego
1011 1173 1113 1258 potius
1136 1172 1299 1241 crederem

271 1283 366 1350 fuisse
392 1293 540 1348 statutam
571 1304 640 1347 eam
671 1304 805 1367 poenam
840 1282 871 1345 iu
904 1292 1026 1347 certum
1055 1292 1180 1370 tempus
1210 1306 1239 1351 v.
1269 1308 1297 1353 o.

270 1419 294 1463 x
313 1418 470 1461 annorum
491 1404 528 1458 ut
548 1417 588 1459 ex
611 1394 683 1482 lege
705 1393 828 1473 Tullia3
856 1416 932 1458 nam
956 1393 1059 1460 forma
1081 1393 1187 1461 iudicii
1209 1418 1299 1462 acar·

270 1506 341 1573 bior
364 1505 441 1570 mihi
463 1503 605 1582 videtur,
630 1525 727 1589 quam
750 1503 803 1568 cui
822 1512 909 1569 tanta
928 1527 1029 1590 poena
1052 1504 1148 1570 fuerit
1163 1504 1298 1589 adiecta3

215 1670 220 1675 .
272 1627 306 1683 at
328 1615 454 1681 difficile
476 1625 539 1693 est,
571 1615 610 1680 de
632 1637 670 1679 ea
692 1636 727 1678 re
750 1615 829 1679 certi
850 1614 927 1701 quid
949 1615 1125 1697 affirmare,
1154 1617 1300 1684 deficien-

271 1729 357 1796 tibus
379 1738 547 1793 auctorum
571 1727 763 1791 testimoniis.

319 1840 464 1905 Servavit
485 1838 574 1903 nobis
596 1860 748 1902 asconius
771 1837 849 1903 haec
873 1840 968 1903 etiam
991 1837 1030 1903 de
1052 1839 1169 1906 iudicio
1191 1840 1230 1905 da
1251 1862 1301 1906 so-

273 1951 393 2019 daliciis
413 1951 458 2040 ⁴),
491 1948 577 2037 quod
599 1950 628 2013 ei
651 1950 825 2036 quaestioni
848 1949 992 2036 specialia
1014 1950 1187 2037 praefuerit
1208 1974 1303 2040 quoe-

272 2064 349 2130 sitor
375 2063 500 2152 (nempe
522 2063 555 2127 in
575 2083 703 2127 molus
726 2084 822 2128 causa
845 2055 1011 2151 savomus)
1038 2063 1186 2150 quodque
1208 2086 1304 2130 aoeu·

275 2176 371 2241 satori
405 2198 432 2240 a.
464 2196 578 2240 ummo
608 2196 749 2240 nnnamo
788 2174 859 2262 lege
894 2174 1071 2261 praemium
1105 2175 1215 2243 datum
1245 2177 1301 2256 sit,

278 2288 428 2375 quoniam
450 2310 542 2353 reum
566 2286 754 2354 damnasset.

754 2489 771 2570 ᾗ
796 2487 826 2552 9.

491 2641 553 2706 Rei
576 2663 614 2707 ea
636 2644 703 2729 teqe
724 2639 845 2708 Halala
868 2644 906 2709 cle
927 2643 1088 2711 sodaliciis

322 2847 347 2911 1.
394 2844 427 2911 C.
452 2864 573 2908 unssms
594 2843 631 2931 ⁸).

323 2959 421 3021 Recta
443 2979 462 3021 a
485 2977 670 3022 nouusnmo
684 2956 711 3043 ⁰)
733 2955 897 3021 conficitur
912 2978 953 3021 ex
974 2954 1077 3020 verbis
1096 2976 1262 3022 otomouu
1275 2955 1303 3046 ⁷)

280 3089 310 3135 o.
334 3092 466 3137 unssmu
482 3068 576 3133 fuisso
591 3067 630 3133 de
646 3067 799 3134 sodaliciis
812 3069 954 3155 petitum.
1000 3068 1216 3134 Defenderunt
1231 3092 1307 3137 eum

281 3201 397 3245 cscnno
420 3189 457 3244 ut
479 3189 609 3267 apparet
631 3202 671 3245 ex
689 3177 711 3244 l.
725 3179 746 3246 l.
772 3189 803 3245 et
821 3203 850 3248 u.
871 3203 1007 3247 manuus
1025 3201 1158 3261 causus,
1183 3204 1308 3246 vanum

286 3350 518 3364 ———-—

315 3430 336 3495 ²)
354 3432 419 3481 um.
437 3436 471 3480 aa
491 3431 506 3493 a
525 3417 593 3479 aa(

316 3512 337 3581 ²)
355 3516 503 3565 Mouusnn.
520 3528 561 3578 op.
579 3513 598 3562 l.
615 3527 640 3578 p.
660 3515 700 3564 70.

245 3597 249 3605 ’
317 3597 421 3665 ³)1biu.
440 3616 464 3664 p.
485 3601 525 3649 70.

317 3686 338 3750 ⁴)
356 3687 420 3736 Aac.
439 3701 478 3750 ap.
496 3698 539 3735 on.
558 3698 582 3749 p.
599 3689 641 3734 54.

317 3768 338 3839 ⁸)
356 3772 434 3820 Pion.
453 3770 484 3819 T.
503 3770 554 3819 111.
573 3773 633 3819 388.

317 3852 339 3920 ⁸)
357 3855 504 3904 Mouusuu.
531 3869 571 3917 op
596 3854 614 3902 l.
638 3868 662 3916 p.
679 3854 721 3902 ot.
750 3850 855 3902 Dubitat
881 3864 1009 3902 nunnunu.
1033 3866 1074 3916 op.
1093 3851 1111 3900 l.
1133 3867 1158 3915 p.
1176 3846 1312 3912 CXXIII,

284 3940 392 3990 tueritne
409 3952 517 3988 messius
535 3937 663 4001 peculatus
681 3951 714 3986 sn
731 3937 841 3987 ambitus
856 3951 922 3989 rous.
957 3938 1047 3990 Danu.
1065 3936 1102 3987 11.
1121 3951 1146 4003 p.
1164 3938 1225 3988 aot.
1257 3935 1311 3986 111.

285 4039 310 4087 p.
329 4029 388 4073 324.

320 4105 662 4174 &mmmmm
