<?xml version="1.0" encoding="UTF-8"?>
<!DOCTYPE html PUBLIC "-//W3C//DTD XHTML 1.0 Transitional//EN"
    "http://www.w3.org/TR/xhtml1/DTD/xhtml1-transitional.dtd">
<html xmlns="http://www.w3.org/1999/xhtml" xml:lang="en" lang="en">
 <head>
  <title>
</title>
<meta http-equiv="Content-Type" content="text/html;charset=utf-8" />
  <meta name='ocr-system' content='tesseract 3.04.00' />
  <meta name='ocr-capabilities' content='ocr_page ocr_carea ocr_par ocr_line ocrx_word'/>
</head>
<body>
  <div class='ocr_page' id='page_1' title='image "./disputatiodecri00rinkgoog_0048.png"; bbox 0 0 2910 4950; ppageno 0'>
   <div class='ocr_carea' id='block_1_1' title="bbox 697 421 739 486">
    <p class='ocr_par' dir='ltr' id='par_1_1' title="bbox 697 421 739 486">
     <span class='ocr_line' id='line_1_1' title="bbox 697 421 739 486; baseline -0.024 0"><span class='ocrx_word' id='word_1_1' title='bbox 697 421 739 486; x_wconf 83' lang='lat'><strong>31</strong></span> 
     </span>
    </p>
   </div>
   <div class='ocr_carea' id='block_1_2' title="bbox 208 625 1240 3278">
    <p class='ocr_par' dir='ltr' id='par_1_2' title="bbox 209 625 1240 3045">
     <span class='ocr_line' id='line_1_2' title="bbox 210 625 1233 716; baseline 0 -19"><span class='ocrx_word' id='word_1_2' title='bbox 210 629 305 697; x_wconf 90' lang='lat' dir='ltr'><strong>bilem</strong></span> <span class='ocrx_word' id='word_1_3' title='bbox 323 637 356 695; x_wconf 92' lang='lat' dir='ltr'><strong>et</strong></span> <span class='ocrx_word' id='word_1_4' title='bbox 377 630 572 694; x_wconf 86' lang='lat' dir='ltr'><strong>Senatorem.</strong></span> <span class='ocrx_word' id='word_1_5' title='bbox 607 629 650 694; x_wconf 86' lang='lat' dir='ltr'><strong>Ut</strong></span> <span class='ocrx_word' id='word_1_6' title='bbox 667 648 734 694; x_wconf 87' lang='lat' dir='ltr'><strong>uno</strong></span> <span class='ocrx_word' id='word_1_7' title='bbox 748 625 905 715; x_wconf 81' lang='lat' dir='ltr'><strong>defungar</strong></span> <span class='ocrx_word' id='word_1_8' title='bbox 928 628 1087 716; x_wconf 84' lang='lat' dir='ltr'><strong>exemplo:</strong></span> <span class='ocrx_word' id='word_1_9' title='bbox 1111 631 1233 697; x_wconf 76' lang='lat' dir='ltr'><strong>Marios</strong></span> 
     </span>
     <span class='ocr_line' id='line_1_3' title="bbox 211 736 1234 828; baseline -0.003 -18"><span class='ocrx_word' id='word_1_10' title='bbox 211 752 281 810; x_wconf 90' lang='lat' dir='ltr'><strong>tum</strong></span> <span class='ocrx_word' id='word_1_11' title='bbox 306 740 437 807; x_wconf 86' lang='lat' dir='ltr'><strong>demum</strong></span> <span class='ocrx_word' id='word_1_12' title='bbox 458 739 573 806; x_wconf 88' lang='lat' dir='ltr'><strong>nobilis</strong></span> <span class='ocrx_word' id='word_1_13' title='bbox 594 736 696 805; x_wconf 82' lang='lat' dir='ltr'><strong>faetus</strong></span> <span class='ocrx_word' id='word_1_14' title='bbox 717 749 778 819; x_wconf 87' lang='lat' dir='ltr'><strong>est,</strong></span> <span class='ocrx_word' id='word_1_15' title='bbox 801 749 839 805; x_wconf 93' lang='lat' dir='ltr'><strong>nt</strong></span> <span class='ocrx_word' id='word_1_16' title='bbox 860 739 954 805; x_wconf 85' lang='lat' dir='ltr'><strong>etiam</strong></span> <span class='ocrx_word' id='word_1_17' title='bbox 977 762 1109 820; x_wconf 72' lang='lat' dir='ltr'><strong>cremo,</strong></span> <span class='ocrx_word' id='word_1_18' title='bbox 1133 763 1234 828; x_wconf 87' lang='lat' dir='ltr'><strong>quum</strong></span> 
     </span>
     <span class='ocr_line' id='line_1_4' title="bbox 212 851 1235 940; baseline 0.001 -21"><span class='ocrx_word' id='word_1_19' title='bbox 212 853 310 920; x_wconf 79' lang='lat' dir='ltr'><strong>fasces</strong></span> <span class='ocrx_word' id='word_1_20' title='bbox 332 852 507 940; x_wconf 71' lang='lat' dir='ltr'>sellamque</span> <span class='ocrx_word' id='word_1_21' title='bbox 529 851 675 919; x_wconf 83' lang='lat' dir='ltr'><strong>curulem</strong></span> <span class='ocrx_word' id='word_1_22' title='bbox 697 853 730 917; x_wconf 92' lang='lat' dir='ltr'><strong>in</strong></span> <span class='ocrx_word' id='word_1_23' title='bbox 753 851 905 918; x_wconf 85' lang='lat' dir='ltr'><strong>familiam</strong></span> <span class='ocrx_word' id='word_1_24' title='bbox 935 875 1024 919; x_wconf 89' lang='lat' dir='ltr'><strong>suam</strong></span> <span class='ocrx_word' id='word_1_25' title='bbox 1047 853 1235 920; x_wconf 88' lang='lat' dir='ltr'><strong>introduxe-</strong></span> 
     </span>
     <span class='ocr_line' id='line_1_5' title="bbox 210 963 1235 1055; baseline -0.002 -21"><span class='ocrx_word' id='word_1_26' title='bbox 210 977 301 1047; x_wconf 83' lang='lat' dir='ltr'><strong>rant,</strong></span> <span class='ocrx_word' id='word_1_27' title='bbox 324 967 437 1053; x_wconf 89' lang='lat' dir='ltr'><strong>iusqne</strong></span> <span class='ocrx_word' id='word_1_28' title='bbox 453 965 631 1054; x_wconf 80' lang='lat' dir='ltr'><strong>imaginum</strong></span> <span class='ocrx_word' id='word_1_29' title='bbox 653 985 753 1051; x_wconf 89' lang='lat' dir='ltr'><strong>quum</strong></span> <span class='ocrx_word' id='word_1_30' title='bbox 775 975 850 1030; x_wconf 91' lang='lat' dir='ltr'><strong>suut</strong></span> <span class='ocrx_word' id='word_1_31' title='bbox 872 963 976 1052; x_wconf 81' lang='lat' dir='ltr'><strong>adepti</strong></span> <span class='ocrx_word' id='word_1_32' title='bbox 998 965 1037 1055; x_wconf 79' lang='grc' dir='ltr'><strong>Ι).</strong></span> <span class='ocrx_word' id='word_1_33' title='bbox 1075 966 1117 1030; x_wconf 74' lang='lat' dir='ltr'><strong>tt</strong></span> <span class='ocrx_word' id='word_1_34' title='bbox 1138 987 1235 1052; x_wconf 87' lang='lat' dir='ltr'><strong>quae-</strong></span> 
     </span>
     <span class='ocr_line' id='line_1_6' title="bbox 209 1076 1236 1145; baseline -0.002 0"><span class='ocrx_word' id='word_1_35' title='bbox 209 1088 309 1145; x_wconf 86' lang='lat' dir='ltr'><strong>stores</strong></span> <span class='ocrx_word' id='word_1_36' title='bbox 331 1079 427 1144; x_wconf 81' lang='lat' dir='ltr'><strong>creati</strong></span> <span class='ocrx_word' id='word_1_37' title='bbox 452 1077 515 1143; x_wconf 83' lang='lat' dir='ltr'><strong>iam</strong></span> <span class='ocrx_word' id='word_1_38' title='bbox 543 1077 612 1142; x_wconf 86' lang='lat' dir='ltr'><strong>iure</strong></span> <span class='ocrx_word' id='word_1_39' title='bbox 637 1099 696 1142; x_wconf 89' lang='lat' dir='ltr'><strong>suo</strong></span> <span class='ocrx_word' id='word_1_40' title='bbox 723 1076 891 1143; x_wconf 88' lang='lat' dir='ltr'><strong>veniebant</strong></span> <span class='ocrx_word' id='word_1_41' title='bbox 916 1078 948 1142; x_wconf 91' lang='lat' dir='ltr'><strong>iu</strong></span> <span class='ocrx_word' id='word_1_42' title='bbox 976 1078 1128 1142; x_wconf 81' lang='lat' dir='ltr'><strong>Senatum</strong></span> <span class='ocrx_word' id='word_1_43' title='bbox 1149 1077 1236 1143; x_wconf 89' lang='lat' dir='ltr'><strong>etin</strong></span> 
     </span>
     <span class='ocr_line' id='line_1_7' title="bbox 209 1186 1238 1277; baseline -0.002 -22"><span class='ocrx_word' id='word_1_44' title='bbox 209 1199 400 1277; x_wconf 88' lang='lat' dir='ltr'><strong>perpetuum</strong></span> <span class='ocrx_word' id='word_1_45' title='bbox 434 1186 614 1277; x_wconf 76' lang='lat' dir='ltr'><strong>(crumenis</strong></span> <span class='ocrx_word' id='word_1_46' title='bbox 633 1197 718 1252; x_wconf 85' lang='lat' dir='ltr'><strong>certe</strong></span> <span class='ocrx_word' id='word_1_47' title='bbox 740 1187 853 1275; x_wconf 84' lang='lat' dir='ltr'><strong>aetate)</strong></span> <span class='ocrx_word' id='word_1_48' title='bbox 879 1189 1046 1252; x_wconf 75' lang='lat' dir='ltr'><strong>Senatores</strong></span> <span class='ocrx_word' id='word_1_49' title='bbox 1067 1187 1238 1254; x_wconf 87' lang='lat' dir='ltr'><strong>manebant</strong></span> 
     </span>
     <span class='ocr_line' id='line_1_8' title="bbox 210 1297 1237 1387; baseline -0.003 -21"><span class='ocrx_word' id='word_1_50' title='bbox 210 1301 271 1366; x_wconf 88' lang='lat' dir='ltr'><strong>nisi</strong></span> <span class='ocrx_word' id='word_1_51' title='bbox 293 1323 312 1365; x_wconf 86' lang='lat' dir='ltr'><strong>a</strong></span> <span class='ocrx_word' id='word_1_52' title='bbox 333 1298 522 1368; x_wconf 74' lang='lat' dir='ltr'><strong>censoribus</strong></span> <span class='ocrx_word' id='word_1_53' title='bbox 550 1298 682 1364; x_wconf 86' lang='lat' dir='ltr'><strong>fuissent</strong></span> <span class='ocrx_word' id='word_1_54' title='bbox 706 1300 825 1364; x_wconf 84' lang='lat' dir='ltr'><strong>Senatu</strong></span> <span class='ocrx_word' id='word_1_55' title='bbox 853 1299 941 1366; x_wconf 90' lang='lat' dir='ltr'><strong>moti.</strong></span> <span class='ocrx_word' id='word_1_56' title='bbox 988 1302 1112 1364; x_wconf 75' lang='lat' dir='ltr'><strong>iterius</strong></span> <span class='ocrx_word' id='word_1_57' title='bbox 1133 1297 1161 1387; x_wconf 84' lang='lat'><strong>²)</strong></span> <span class='ocrx_word' id='word_1_58' title='bbox 1192 1300 1237 1364; x_wconf 88' lang='lat' dir='ltr'><strong>ir·</strong></span> 
     </span>
     <span class='ocr_line' id='line_1_9' title="bbox 209 1405 1237 1496; baseline -0.003 -20"><span class='ocrx_word' id='word_1_59' title='bbox 209 1412 297 1496; x_wconf 90' lang='lat' dir='ltr'><strong>rupit</strong></span> <span class='ocrx_word' id='word_1_60' title='bbox 325 1412 358 1475; x_wconf 90' lang='lat' dir='ltr'><strong>in</strong></span> <span class='ocrx_word' id='word_1_61' title='bbox 386 1411 538 1475; x_wconf 83' lang='lat' dir='ltr'><strong>Senatum</strong></span> <span class='ocrx_word' id='word_1_62' title='bbox 567 1407 622 1474; x_wconf 89' lang='lat' dir='ltr'><strong>sed</strong></span> <span class='ocrx_word' id='word_1_63' title='bbox 643 1407 757 1473; x_wconf 85' lang='lat' dir='ltr'><strong>nobilis</strong></span> <span class='ocrx_word' id='word_1_64' title='bbox 779 1405 923 1472; x_wconf 87' lang='lat' dir='ltr'><strong>nondum</strong></span> <span class='ocrx_word' id='word_1_65' title='bbox 946 1419 1029 1488; x_wconf 87' lang='lat' dir='ltr'><strong>erat;</strong></span> <span class='ocrx_word' id='word_1_66' title='bbox 1062 1409 1237 1474; x_wconf 85' lang='lat' dir='ltr'><strong>eratenim</strong></span> 
     </span>
     <span class='ocr_line' id='line_1_10' title="bbox 211 1519 1238 1608; baseline -0.001 -21"><span class='ocrx_word' id='word_1_67' title='bbox 211 1531 360 1608; x_wconf 85' lang='lat' dir='ltr'><strong>quaestor</strong></span> <span class='ocrx_word' id='word_1_68' title='bbox 381 1531 515 1586; x_wconf 76' lang='lat' dir='ltr'><strong>creatus</strong></span> <span class='ocrx_word' id='word_1_69' title='bbox 562 1519 614 1585; x_wconf 83' lang='lat' dir='ltr'><strong>Sic</strong></span> <span class='ocrx_word' id='word_1_70' title='bbox 635 1519 769 1585; x_wconf 78' lang='lat' dir='ltr'><strong>Aemilia</strong></span> <span class='ocrx_word' id='word_1_71' title='bbox 787 1541 866 1608; x_wconf 84' lang='lat' dir='ltr'><strong>gens</strong></span> <span class='ocrx_word' id='word_1_72' title='bbox 888 1519 996 1607; x_wconf 88' lang='lat' dir='ltr'><strong>siqua</strong></span> <span class='ocrx_word' id='word_1_73' title='bbox 1014 1520 1077 1585; x_wconf 85' lang='lat' dir='ltr'><strong>alia</strong></span> <span class='ocrx_word' id='word_1_74' title='bbox 1096 1532 1164 1585; x_wconf 86' lang='lat' dir='ltr'><strong>erat</strong></span> <span class='ocrx_word' id='word_1_75' title='bbox 1182 1542 1238 1606; x_wconf 85' lang='lat' dir='ltr'><strong>pa·</strong></span> 
     </span>
     <span class='ocr_line' id='line_1_11' title="bbox 210 1631 1238 1719; baseline -0.002 -20"><span class='ocrx_word' id='word_1_76' title='bbox 210 1634 316 1699; x_wconf 82' lang='lat' dir='ltr'><strong>tricia:</strong></span> <span class='ocrx_word' id='word_1_77' title='bbox 340 1654 505 1717; x_wconf 76' lang='lat' dir='ltr'><strong>„sciurus</strong></span> <span class='ocrx_word' id='word_1_78' title='bbox 526 1654 602 1697; x_wconf 79' lang='lat' dir='ltr'><strong>vero</strong></span> <span class='ocrx_word' id='word_1_79' title='bbox 624 1633 669 1697; x_wconf 83' lang='lat' dir='ltr'><strong>ita</strong></span> <span class='ocrx_word' id='word_1_80' title='bbox 690 1641 760 1697; x_wconf 83' lang='lat' dir='ltr'><strong>erat</strong></span> <span class='ocrx_word' id='word_1_81' title='bbox 780 1632 943 1718; x_wconf 85' lang='lat' dir='ltr'><strong>patricius,</strong></span> <span class='ocrx_word' id='word_1_82' title='bbox 967 1642 1006 1696; x_wconf 91' lang='lat' dir='ltr'><strong>nt</strong></span> <span class='ocrx_word' id='word_1_83' title='bbox 1021 1631 1123 1697; x_wconf 84' lang='lat' dir='ltr'><strong>tribus</strong></span> <span class='ocrx_word' id='word_1_84' title='bbox 1142 1652 1238 1719; x_wconf 86' lang='lat' dir='ltr'><strong>snpra</strong></span> 
     </span>
     <span class='ocr_line' id='line_1_12' title="bbox 212 1742 1238 1829; baseline -0.005 -17"><span class='ocrx_word' id='word_1_85' title='bbox 212 1767 312 1828; x_wconf 89' lang='lat' dir='ltr'><strong>„eum</strong></span> <span class='ocrx_word' id='word_1_86' title='bbox 335 1745 487 1812; x_wconf 67' lang='lat' dir='ltr'><strong>sentibus</strong></span> <span class='ocrx_word' id='word_1_87' title='bbox 503 1745 635 1810; x_wconf 86' lang='lat' dir='ltr'><strong>iacuerit</strong></span> <span class='ocrx_word' id='word_1_88' title='bbox 654 1742 767 1809; x_wconf 91' lang='lat' dir='ltr'><strong>domus</strong></span> <span class='ocrx_word' id='word_1_89' title='bbox 782 1744 849 1808; x_wconf 85' lang='lat' dir='ltr'><strong>eius</strong></span> <span class='ocrx_word' id='word_1_90' title='bbox 868 1742 1006 1809; x_wconf 79' lang='lat' dir='ltr'><strong>fortuna.</strong></span> <span class='ocrx_word' id='word_1_91' title='bbox 1038 1745 1117 1809; x_wconf 84' lang='lat' dir='ltr'><strong>Nam</strong></span> <span class='ocrx_word' id='word_1_92' title='bbox 1133 1764 1238 1829; x_wconf 84' lang='lat' dir='ltr'><strong>neque</strong></span> 
     </span>
     <span class='ocr_line' id='line_1_13' title="bbox 211 1853 1239 1943; baseline -0.001 -22"><span class='ocrx_word' id='word_1_93' title='bbox 211 1866 330 1943; x_wconf 85' lang='lat' dir='ltr'><strong>„pater</strong></span> <span class='ocrx_word' id='word_1_94' title='bbox 357 1878 461 1941; x_wconf 89' lang='lat' dir='ltr'><strong>neque</strong></span> <span class='ocrx_word' id='word_1_95' title='bbox 491 1875 584 1932; x_wconf 85' lang='lat' dir='ltr'><strong>evus,</strong></span> <span class='ocrx_word' id='word_1_96' title='bbox 612 1875 717 1939; x_wconf 85' lang='lat' dir='ltr'><strong>neque</strong></span> <span class='ocrx_word' id='word_1_97' title='bbox 746 1853 841 1918; x_wconf 87' lang='lat' dir='ltr'><strong>etiem</strong></span> <span class='ocrx_word' id='word_1_98' title='bbox 870 1875 1008 1939; x_wconf 89' lang='lat' dir='ltr'><strong>proavus</strong></span> <span class='ocrx_word' id='word_1_99' title='bbox 1033 1890 1080 1907; x_wconf 84' lang='lat'>-</span> <span class='ocrx_word' id='word_1_100' title='bbox 1110 1853 1239 1920; x_wconf 72' lang='lat' dir='ltr'><strong>bonores</strong></span> 
     </span>
     <span class='ocr_line' id='line_1_14' title="bbox 212 1964 1237 2055; baseline -0.002 -22"><span class='ocrx_word' id='word_1_101' title='bbox 212 1971 319 2055; x_wconf 78' lang='lat' dir='ltr'><strong>adepti</strong></span> <span class='ocrx_word' id='word_1_102' title='bbox 346 1979 425 2032; x_wconf 70' lang='lat' dir='ltr'><strong>nent.</strong></span> <span class='ocrx_word' id='word_1_103' title='bbox 471 1967 583 2051; x_wconf 89' lang='lat' dir='ltr'><strong>ltaque</strong></span> <span class='ocrx_word' id='word_1_104' title='bbox 607 1985 731 2029; x_wconf 76' lang='lat' dir='ltr'><strong>scsuao</strong></span> <span class='ocrx_word' id='word_1_105' title='bbox 757 1986 860 2049; x_wconf 85' lang='lat' dir='ltr'><strong>aeque</strong></span> <span class='ocrx_word' id='word_1_106' title='bbox 881 1986 919 2030; x_wconf 87' lang='lat' dir='ltr'><strong>ae</strong></span> <span class='ocrx_word' id='word_1_107' title='bbox 942 1985 1028 2030; x_wconf 86' lang='lat' dir='ltr'><strong>novo</strong></span> <span class='ocrx_word' id='word_1_108' title='bbox 1049 1965 1168 2031; x_wconf 89' lang='lat' dir='ltr'><strong>homini</strong></span> <span class='ocrx_word' id='word_1_109' title='bbox 1191 1964 1237 2031; x_wconf 87' lang='lat' dir='ltr'><strong>la·</strong></span> 
     </span>
     <span class='ocr_line' id='line_1_15' title="bbox 211 2073 1237 2163; baseline -0.003 -19"><span class='ocrx_word' id='word_1_110' title='bbox 211 2076 416 2163; x_wconf 87' lang='lat' dir='ltr'><strong>„borandum</strong></span> <span class='ocrx_word' id='word_1_111' title='bbox 438 2074 520 2140; x_wconf 81' lang='lat' dir='ltr'><strong>fuit&#39;&#39;</strong></span> <span class='ocrx_word' id='word_1_112' title='bbox 535 2074 575 2163; x_wconf 81' lang='lat'><strong>⁸).</strong></span> <span class='ocrx_word' id='word_1_113' title='bbox 620 2075 668 2138; x_wconf 76' lang='lat'><strong>131</strong></span> <span class='ocrx_word' id='word_1_114' title='bbox 683 2073 744 2138; x_wconf 85' lang='lat' dir='ltr'><strong>hoe</strong></span> <span class='ocrx_word' id='word_1_115' title='bbox 763 2074 834 2139; x_wconf 88' lang='lat' dir='ltr'><strong>loco</strong></span> <span class='ocrx_word' id='word_1_116' title='bbox 852 2075 969 2161; x_wconf 88' lang='lat' dir='ltr'><strong>optime</strong></span> <span class='ocrx_word' id='word_1_117' title='bbox 987 2086 1118 2161; x_wconf 89' lang='lat' dir='ltr'><strong>apparet</strong></span> <span class='ocrx_word' id='word_1_118' title='bbox 1141 2096 1237 2161; x_wconf 88' lang='lat' dir='ltr'><strong>quam</strong></span> 
     </span>
     <span class='ocr_line' id='line_1_16' title="bbox 212 2184 1238 2273; baseline -0.003 -17"><span class='ocrx_word' id='word_1_119' title='bbox 212 2188 352 2257; x_wconf 88' lang='lat' dir='ltr'><strong>multum</strong></span> <span class='ocrx_word' id='word_1_120' title='bbox 368 2187 517 2254; x_wconf 84' lang='lat' dir='ltr'><strong>differant</strong></span> <span class='ocrx_word' id='word_1_121' title='bbox 527 2185 680 2273; x_wconf 59' lang='lat' dir='ltr'><strong>pavisse</strong></span> <span class='ocrx_word' id='word_1_122' title='bbox 694 2193 726 2250; x_wconf 91' lang='lat' dir='ltr'><strong>et</strong></span> <span class='ocrx_word' id='word_1_123' title='bbox 740 2185 863 2264; x_wconf 67' lang='grc' dir='ltr'>ιιοῦἰὶίι,</span> <span class='ocrx_word' id='word_1_124' title='bbox 885 2184 971 2271; x_wconf 90' lang='lat' dir='ltr'><strong>quod</strong></span> <span class='ocrx_word' id='word_1_125' title='bbox 988 2185 1081 2251; x_wconf 90' lang='lat' dir='ltr'><strong>multi</strong></span> <span class='ocrx_word' id='word_1_126' title='bbox 1096 2207 1154 2272; x_wconf 91' lang='lat' dir='ltr'><strong>pro</strong></span> <span class='ocrx_word' id='word_1_127' title='bbox 1172 2207 1238 2253; x_wconf 89' lang='lat' dir='ltr'><strong>uno</strong></span> 
     </span>
     <span class='ocr_line' id='line_1_17' title="bbox 210 2296 590 2387; baseline -0.016 -19"><span class='ocrx_word' id='word_1_128' title='bbox 210 2299 386 2387; x_wconf 85' lang='lat' dir='ltr'><strong>eodemque</strong></span> <span class='ocrx_word' id='word_1_129' title='bbox 408 2297 526 2365; x_wconf 87' lang='lat' dir='ltr'><strong>habeut</strong></span> <span class='ocrx_word' id='word_1_130' title='bbox 548 2296 590 2385; x_wconf 79' lang='lat'><strong>⁴).</strong></span> 
     </span>
     <span class='ocr_line' id='line_1_18' title="bbox 211 2408 1240 2499; baseline -0.002 -21"><span class='ocrx_word' id='word_1_131' title='bbox 211 2482 216 2491; x_wconf 24' lang='lat'>⁸</span> <span class='ocrx_word' id='word_1_132' title='bbox 256 2410 351 2496; x_wconf 88' lang='lat' dir='ltr'><strong>Quod</strong></span> <span class='ocrx_word' id='word_1_133' title='bbox 368 2410 409 2477; x_wconf 83' lang='lat' dir='ltr'><strong>ad</strong></span> <span class='ocrx_word' id='word_1_134' title='bbox 428 2408 533 2499; x_wconf 82' lang='lat' dir='ltr'><strong>legem</strong></span> <span class='ocrx_word' id='word_1_135' title='bbox 553 2408 725 2475; x_wconf 79' lang='lat' dir='ltr'><strong>Poetelium</strong></span> <span class='ocrx_word' id='word_1_136' title='bbox 742 2419 883 2474; x_wconf 90' lang='lat' dir='ltr'><strong>nostram</strong></span> <span class='ocrx_word' id='word_1_137' title='bbox 903 2410 1015 2475; x_wconf 84' lang='lat' dir='ltr'><strong>attinet</strong></span> <span class='ocrx_word' id='word_1_138' title='bbox 1036 2419 1105 2475; x_wconf 83' lang='lat' dir='ltr'><strong>erat</strong></span> <span class='ocrx_word' id='word_1_139' title='bbox 1119 2431 1157 2476; x_wconf 88' lang='lat' dir='ltr'><strong>ea</strong></span> <span class='ocrx_word' id='word_1_140' title='bbox 1175 2409 1240 2476; x_wconf 81' lang='lat' dir='ltr'><strong>lata</strong></span> 
     </span>
     <span class='ocr_line' id='line_1_19' title="bbox 210 2519 1240 2592; baseline -0.005 0"><span class='ocrx_word' id='word_1_141' title='bbox 210 2535 322 2592; x_wconf 75' lang='lat' dir='ltr'><strong>uonna</strong></span> <span class='ocrx_word' id='word_1_142' title='bbox 338 2521 504 2589; x_wconf 89' lang='lat' dir='ltr'><strong>hominum</strong></span> <span class='ocrx_word' id='word_1_143' title='bbox 523 2540 680 2587; x_wconf 82' lang='lat' dir='ltr'><strong>noverum</strong></span> <span class='ocrx_word' id='word_1_144' title='bbox 702 2519 904 2586; x_wconf 80' lang='lat' dir='ltr'><strong>ambitionem</strong></span> <span class='ocrx_word' id='word_1_145' title='bbox 922 2521 985 2588; x_wconf 79' lang='lat' dir='ltr'><strong>ie.</strong></span> <span class='ocrx_word' id='word_1_146' title='bbox 1004 2531 1116 2586; x_wconf 85' lang='lat' dir='ltr'><strong>contra</strong></span> <span class='ocrx_word' id='word_1_147' title='bbox 1131 2542 1240 2587; x_wconf 87' lang='lat' dir='ltr'><strong>omnes</strong></span> 
     </span>
     <span class='ocr_line' id='line_1_20' title="bbox 211 2631 1240 2724; baseline -0.005 -21"><span class='ocrx_word' id='word_1_148' title='bbox 211 2636 361 2724; x_wconf 85' lang='lat' dir='ltr'><strong>plebeios;</strong></span> <span class='ocrx_word' id='word_1_149' title='bbox 392 2656 467 2700; x_wconf 86' lang='lat' dir='ltr'><strong>nam</strong></span> <span class='ocrx_word' id='word_1_150' title='bbox 491 2644 569 2700; x_wconf 86' lang='lat' dir='ltr'><strong>tunc</strong></span> <span class='ocrx_word' id='word_1_151' title='bbox 586 2633 737 2720; x_wconf 86' lang='lat' dir='ltr'><strong>temporis</strong></span> <span class='ocrx_word' id='word_1_152' title='bbox 758 2654 867 2698; x_wconf 88' lang='lat' dir='ltr'><strong>omues</strong></span> <span class='ocrx_word' id='word_1_153' title='bbox 888 2631 1032 2699; x_wconf 87' lang='lat' dir='ltr'><strong>homines</strong></span> <span class='ocrx_word' id='word_1_154' title='bbox 1052 2634 1127 2699; x_wconf 86' lang='lat' dir='ltr'><strong>novi</strong></span> <span class='ocrx_word' id='word_1_155' title='bbox 1149 2642 1240 2698; x_wconf 88' lang='lat' dir='ltr'><strong>erant</strong></span> 
     </span>
     <span class='ocr_line' id='line_1_21' title="bbox 213 2743 1239 2836; baseline -0.003 -21"><span class='ocrx_word' id='word_1_156' title='bbox 213 2746 327 2836; x_wconf 87' lang='lat' dir='ltr'><strong>plebeii</strong></span> <span class='ocrx_word' id='word_1_157' title='bbox 356 2749 383 2812; x_wconf 89' lang='lat' dir='ltr'><strong>si</strong></span> <span class='ocrx_word' id='word_1_158' title='bbox 409 2768 528 2834; x_wconf 85' lang='lat' dir='ltr'><strong>paucos</strong></span> <span class='ocrx_word' id='word_1_159' title='bbox 554 2746 707 2832; x_wconf 80' lang='lat' dir='ltr'><strong>excipias,</strong></span> <span class='ocrx_word' id='word_1_160' title='bbox 742 2744 798 2831; x_wconf 89' lang='lat' dir='ltr'><strong>qni</strong></span> <span class='ocrx_word' id='word_1_161' title='bbox 827 2743 867 2809; x_wconf 90' lang='lat' dir='ltr'><strong>ab</strong></span> <span class='ocrx_word' id='word_1_162' title='bbox 896 2766 926 2810; x_wconf 91' lang='lat' dir='ltr'><strong>a.</strong></span> <span class='ocrx_word' id='word_1_163' title='bbox 949 2766 983 2811; x_wconf 90' lang='grc' dir='ltr'>ιι.</span> <span class='ocrx_word' id='word_1_164' title='bbox 1007 2766 1036 2811; x_wconf 84' lang='lat' dir='ltr'><strong>e.</strong></span> <span class='ocrx_word' id='word_1_165' title='bbox 1060 2745 1142 2824; x_wconf 84' lang='grc'><strong>388,</strong></span> <span class='ocrx_word' id='word_1_166' title='bbox 1173 2767 1239 2832; x_wconf 89' lang='lat' dir='ltr'><strong>quo</strong></span> 
     </span>
     <span class='ocr_line' id='line_1_22' title="bbox 212 2854 1238 2948; baseline -0.005 -22"><span class='ocrx_word' id='word_1_167' title='bbox 212 2861 336 2948; x_wconf 89' lang='lat' dir='ltr'><strong>primus</strong></span> <span class='ocrx_word' id='word_1_168' title='bbox 358 2868 484 2924; x_wconf 85' lang='lat' dir='ltr'><strong>creatus</strong></span> <span class='ocrx_word' id='word_1_169' title='bbox 505 2880 523 2921; x_wconf 89' lang='lat' dir='ltr'><strong>e</strong></span> <span class='ocrx_word' id='word_1_170' title='bbox 543 2855 635 2943; x_wconf 86' lang='lat' dir='ltr'><strong>plebe</strong></span> <span class='ocrx_word' id='word_1_171' title='bbox 656 2864 704 2920; x_wconf 90' lang='lat' dir='ltr'><strong>est</strong></span> <span class='ocrx_word' id='word_1_172' title='bbox 724 2855 848 2934; x_wconf 79' lang='lat' dir='ltr'><strong>consul,</strong></span> <span class='ocrx_word' id='word_1_173' title='bbox 873 2854 914 2920; x_wconf 86' lang='lat' dir='ltr'><strong>ad</strong></span> <span class='ocrx_word' id='word_1_174' title='bbox 931 2877 961 2922; x_wconf 87' lang='lat' dir='ltr'><strong>a.</strong></span> <span class='ocrx_word' id='word_1_175' title='bbox 973 2878 1007 2922; x_wconf 93' lang='grc' dir='ltr'>ιι.</span> <span class='ocrx_word' id='word_1_176' title='bbox 1024 2879 1054 2924; x_wconf 86' lang='lat' dir='ltr'><strong>c.</strong></span> <span class='ocrx_word' id='word_1_177' title='bbox 1073 2858 1156 2937; x_wconf 82' lang='lat'><strong>396,</strong></span> <span class='ocrx_word' id='word_1_178' title='bbox 1173 2879 1238 2944; x_wconf 91' lang='lat' dir='ltr'><strong>quo</strong></span> 
     </span>
     <span class='ocr_line' id='line_1_23' title="bbox 212 2963 960 3045; baseline -0.007 -9"><span class='ocrx_word' id='word_1_179' title='bbox 212 2970 267 3036; x_wconf 84' lang='lat' dir='ltr'><strong>lex</strong></span> <span class='ocrx_word' id='word_1_180' title='bbox 287 2978 396 3034; x_wconf 86' lang='lat' dir='ltr'><strong>nostre</strong></span> <span class='ocrx_word' id='word_1_181' title='bbox 414 2964 539 3045; x_wconf 86' lang='lat' dir='ltr'><strong>incidit,</strong></span> <span class='ocrx_word' id='word_1_182' title='bbox 564 2964 731 3032; x_wconf 87' lang='lat' dir='ltr'><strong>oousulatu</strong></span> <span class='ocrx_word' id='word_1_183' title='bbox 754 2963 855 3030; x_wconf 79' lang='lat' dir='ltr'><strong>iuneti</strong></span> <span class='ocrx_word' id='word_1_184' title='bbox 876 2974 960 3031; x_wconf 84' lang='lat' dir='ltr'><strong>snut.</strong></span> 
     </span>
    </p>

    <p class='ocr_par' dir='ltr' id='par_1_3' title="bbox 208 3075 1236 3278">
     <span class='ocr_line' id='line_1_24' title="bbox 254 3075 1236 3169; baseline -0.004 -21"><span class='ocrx_word' id='word_1_185' title='bbox 254 3083 320 3149; x_wconf 82' lang='lat' dir='ltr'><strong>Gur</strong></span> <span class='ocrx_word' id='word_1_186' title='bbox 341 3080 445 3169; x_wconf 82' lang='lat' dir='ltr'><strong>legem</strong></span> <span class='ocrx_word' id='word_1_187' title='bbox 467 3076 600 3145; x_wconf 81' lang='lat' dir='ltr'><strong>tulerint</strong></span> <span class='ocrx_word' id='word_1_188' title='bbox 613 3076 749 3143; x_wconf 84' lang='lat' dir='ltr'><strong>Romani</strong></span> <span class='ocrx_word' id='word_1_189' title='bbox 766 3086 877 3143; x_wconf 88' lang='lat' dir='ltr'><strong>contra</strong></span> <span class='ocrx_word' id='word_1_190' title='bbox 895 3096 1052 3142; x_wconf 88' lang='lat' dir='ltr'><strong>novorum</strong></span> <span class='ocrx_word' id='word_1_191' title='bbox 1071 3075 1236 3144; x_wconf 87' lang='lat' dir='ltr'><strong>bominum</strong></span> 
     </span>
     <span class='ocr_line' id='line_1_25' title="bbox 208 3186 1234 3278; baseline 0 -20"><span class='ocrx_word' id='word_1_192' title='bbox 208 3194 410 3260; x_wconf 82' lang='lat' dir='ltr'><strong>ambitionem</strong></span> <span class='ocrx_word' id='word_1_193' title='bbox 433 3214 473 3258; x_wconf 86' lang='lat' dir='ltr'><strong>ex</strong></span> <span class='ocrx_word' id='word_1_194' title='bbox 494 3190 587 3259; x_wconf 89' lang='lat' dir='ltr'><strong>nullo</strong></span> <span class='ocrx_word' id='word_1_195' title='bbox 608 3190 786 3257; x_wconf 88' lang='lat' dir='ltr'><strong>testimonio</strong></span> <span class='ocrx_word' id='word_1_196' title='bbox 806 3186 920 3256; x_wconf 90' lang='lat' dir='ltr'><strong>melius</strong></span> <span class='ocrx_word' id='word_1_197' title='bbox 944 3186 1093 3278; x_wconf 82' lang='lat' dir='ltr'><strong>eognosci</strong></span> <span class='ocrx_word' id='word_1_198' title='bbox 1114 3200 1234 3278; x_wconf 83' lang='lat' dir='ltr'><strong>potest,</strong></span> 
     </span>
    </p>
   </div>
   <div class='ocr_carea' id='block_1_3' title="bbox 208 3348 437 3365">
    <p class='ocr_par' dir='ltr' id='par_1_4' title="bbox 208 3348 437 3365">
     <span class='ocr_line' id='line_1_26' title="bbox 208 3348 437 3365; baseline -0.022 0"><span class='ocrx_word' id='word_1_199' title='bbox 208 3348 437 3365; x_wconf 45' lang='grc' dir='ltr'><strong>ψ</strong></span> 
     </span>
    </p>
   </div>
   <div class='ocr_carea' id='block_1_4' title="bbox 207 3435 1236 4098">
    <p class='ocr_par' dir='ltr' id='par_1_5' title="bbox 208 3435 1236 3590">
     <span class='ocr_line' id='line_1_27' title="bbox 242 3435 1236 3508; baseline 0.002 -18"><span class='ocrx_word' id='word_1_200' title='bbox 242 3437 264 3508; x_wconf 82' lang='grc' dir='ltr'><strong>ι)</strong></span> <span class='ocrx_word' id='word_1_201' title='bbox 281 3439 400 3491; x_wconf 76' lang='lat' dir='ltr'><strong>Mrem</strong></span> <span class='ocrx_word' id='word_1_202' title='bbox 417 3437 496 3488; x_wconf 87' lang='lat' dir='ltr'><strong>homo</strong></span> <span class='ocrx_word' id='word_1_203' title='bbox 512 3451 600 3490; x_wconf 78' lang='lat' dir='ltr'><strong>nevus.</strong></span> <span class='ocrx_word' id='word_1_204' title='bbox 634 3435 691 3488; x_wconf 79' lang='lat' dir='ltr'><strong>Cre.</strong></span> <span class='ocrx_word' id='word_1_205' title='bbox 709 3451 734 3502; x_wconf 86' lang='lat' dir='ltr'><strong>p.</strong></span> <span class='ocrx_word' id='word_1_206' title='bbox 751 3435 820 3489; x_wconf 77' lang='lat' dir='ltr'><strong>Mar.</strong></span> <span class='ocrx_word' id='word_1_207' title='bbox 839 3438 863 3486; x_wconf 79' lang='lat'><strong>8.</strong></span> <span class='ocrx_word' id='word_1_208' title='bbox 886 3435 901 3502; x_wconf 67' lang='lat' dir='ltr'><strong>t</strong></span> <span class='ocrx_word' id='word_1_209' title='bbox 921 3439 960 3486; x_wconf 83' lang='grc'><strong>17.</strong></span> <span class='ocrx_word' id='word_1_210' title='bbox 977 3451 1107 3505; x_wconf 83' lang='lat' dir='ltr'><strong>quumque</strong></span> <span class='ocrx_word' id='word_1_211' title='bbox 1122 3445 1194 3504; x_wconf 83' lang='lat' dir='ltr'><strong>pater</strong></span> <span class='ocrx_word' id='word_1_212' title='bbox 1210 3446 1236 3492; x_wconf 82' lang='lat' dir='ltr'><strong>et</strong></span> 
     </span>
     <span class='ocr_line' id='line_1_28' title="bbox 208 3523 536 3590; baseline -0.015 -13"><span class='ocrx_word' id='word_1_213' title='bbox 208 3539 270 3577; x_wconf 78' lang='lat' dir='ltr'><strong>svm</strong></span> <span class='ocrx_word' id='word_1_214' title='bbox 286 3533 413 3590; x_wconf 77' lang='lat' dir='ltr'><strong>praetores</strong></span> <span class='ocrx_word' id='word_1_215' title='bbox 429 3523 536 3574; x_wconf 80' lang='lat' dir='ltr'><strong>fuerent.</strong></span> 
     </span>
    </p>

    <p class='ocr_par' dir='ltr' id='par_1_6' title="bbox 207 3606 1234 3831">
     <span class='ocr_line' id='line_1_29' title="bbox 242 3606 1234 3672; baseline 0 -12"><span class='ocrx_word' id='word_1_216' title='bbox 242 3608 343 3660; x_wconf 74' lang='lat' dir='ltr'><strong>crem</strong></span> <span class='ocrx_word' id='word_1_217' title='bbox 363 3610 402 3660; x_wconf 87' lang='lat' dir='ltr'><strong>ius</strong></span> <span class='ocrx_word' id='word_1_218' title='bbox 422 3608 562 3671; x_wconf 80' lang='lat' dir='ltr'><strong>imaginum</strong></span> <span class='ocrx_word' id='word_1_219' title='bbox 582 3619 610 3656; x_wconf 84' lang='lat' dir='ltr'><strong>se</strong></span> <span class='ocrx_word' id='word_1_220' title='bbox 626 3607 744 3672; x_wconf 83' lang='lat' dir='ltr'><strong>adeptum</strong></span> <span class='ocrx_word' id='word_1_221' title='bbox 762 3620 815 3657; x_wconf 88' lang='lat' dir='ltr'><strong>esse</strong></span> <span class='ocrx_word' id='word_1_222' title='bbox 835 3606 897 3657; x_wconf 81' lang='lat' dir='ltr'><strong>dicit</strong></span> <span class='ocrx_word' id='word_1_223' title='bbox 917 3607 943 3657; x_wconf 89' lang='lat' dir='ltr'><strong>in</strong></span> <span class='ocrx_word' id='word_1_224' title='bbox 961 3607 1032 3658; x_wconf 87' lang='lat' dir='ltr'><strong>initio</strong></span> <span class='ocrx_word' id='word_1_225' title='bbox 1048 3608 1183 3660; x_wconf 71' lang='lat' dir='ltr'><strong>Bulliones</strong></span> <span class='ocrx_word' id='word_1_226' title='bbox 1196 3611 1234 3660; x_wconf 92' lang='lat'><strong>11.</strong></span> 
     </span>
     <span class='ocr_line' id='line_1_30' title="bbox 207 3691 1234 3761; baseline 0.002 -18"><span class='ocrx_word' id='word_1_227' title='bbox 207 3708 287 3761; x_wconf 80' lang='lat' dir='ltr'><strong>quum</strong></span> <span class='ocrx_word' id='word_1_228' title='bbox 304 3693 397 3757; x_wconf 61' lang='lat' dir='ltr'><strong>patim</strong></span> <span class='ocrx_word' id='word_1_229' title='bbox 409 3691 551 3754; x_wconf 78' lang='lat' dir='ltr'><strong>Quiritibus</strong></span> <span class='ocrx_word' id='word_1_230' title='bbox 564 3691 654 3756; x_wconf 76' lang='lat' dir='ltr'><strong>egebat</strong></span> <span class='ocrx_word' id='word_1_231' title='bbox 666 3691 734 3758; x_wconf 83' lang='lat' dir='ltr'><strong>quod</strong></span> <span class='ocrx_word' id='word_1_232' title='bbox 751 3704 778 3745; x_wconf 84' lang='grc' dir='ltr'>ιο</span> <span class='ocrx_word' id='word_1_233' title='bbox 791 3691 921 3743; x_wconf 79' lang='lat' dir='ltr'><strong>musuiem</strong></span> <span class='ocrx_word' id='word_1_234' title='bbox 936 3698 1068 3743; x_wconf 71' lang='lat' dir='ltr'><strong>moment</strong></span> <span class='ocrx_word' id='word_1_235' title='bbox 1094 3691 1134 3744; x_wconf 81' lang='lat' dir='ltr'><strong>cf.</strong></span> <span class='ocrx_word' id='word_1_236' title='bbox 1148 3700 1234 3745; x_wconf 87' lang='lat' dir='ltr'><strong>tamen</strong></span> 
     </span>
     <span class='ocr_line' id='line_1_31' title="bbox 208 3778 512 3831; baseline -0.013 0"><span class='ocrx_word' id='word_1_237' title='bbox 208 3792 259 3831; x_wconf 79' lang='lat' dir='ltr'><strong>cre.</strong></span> <span class='ocrx_word' id='word_1_238' title='bbox 276 3780 351 3830; x_wconf 80' lang='lat' dir='ltr'><strong>Verr.</strong></span> <span class='ocrx_word' id='word_1_239' title='bbox 369 3778 407 3828; x_wconf 86' lang='lat'><strong>11.</strong></span> <span class='ocrx_word' id='word_1_240' title='bbox 424 3791 451 3827; x_wconf 79' lang='lat' dir='ltr'><strong>v.</strong></span> <span class='ocrx_word' id='word_1_241' title='bbox 472 3782 512 3827; x_wconf 83' lang='grc'><strong>14.</strong></span> 
     </span>
    </p>

    <p class='ocr_par' dir='ltr' id='par_1_7' title="bbox 243 3859 644 3928">
     <span class='ocr_line' id='line_1_32' title="bbox 243 3859 644 3928; baseline -0.01 -14"><span class='ocrx_word' id='word_1_242' title='bbox 243 3859 264 3928; x_wconf 85' lang='lat'><strong>²)</strong></span> <span class='ocrx_word' id='word_1_243' title='bbox 282 3865 352 3914; x_wconf 74' lang='lat' dir='ltr'><strong>Vm.</strong></span> <span class='ocrx_word' id='word_1_244' title='bbox 370 3875 438 3912; x_wconf 68' lang='lat' dir='ltr'><strong>unx.</strong></span> <span class='ocrx_word' id='word_1_245' title='bbox 456 3861 505 3912; x_wconf 87' lang='lat' dir='ltr'><strong>VI.</strong></span> <span class='ocrx_word' id='word_1_246' title='bbox 527 3865 550 3910; x_wconf 86' lang='lat'><strong>9.</strong></span> <span class='ocrx_word' id='word_1_247' title='bbox 570 3861 586 3924; x_wconf 69' lang='grc' dir='ltr'><strong>ς</strong></span> <span class='ocrx_word' id='word_1_248' title='bbox 605 3865 644 3911; x_wconf 82' lang='grc'><strong>14.</strong></span> 
     </span>
    </p>

    <p class='ocr_par' dir='ltr' id='par_1_8' title="bbox 244 3943 590 4014">
     <span class='ocr_line' id='line_1_33' title="bbox 244 3943 590 4014; baseline -0.014 -15"><span class='ocrx_word' id='word_1_249' title='bbox 244 3943 265 4014; x_wconf 78' lang='lat'><strong>³)</strong></span> <span class='ocrx_word' id='word_1_250' title='bbox 282 3948 347 3999; x_wconf 83' lang='lat' dir='ltr'><strong>Asc.</strong></span> <span class='ocrx_word' id='word_1_251' title='bbox 365 3961 427 3998; x_wconf 77' lang='lat' dir='ltr'><strong>run.</strong></span> <span class='ocrx_word' id='word_1_252' title='bbox 444 3961 469 4010; x_wconf 89' lang='lat' dir='ltr'><strong>p.</strong></span> <span class='ocrx_word' id='word_1_253' title='bbox 487 3959 530 3996; x_wconf 71' lang='lat' dir='ltr'><strong>oa</strong></span> <span class='ocrx_word' id='word_1_254' title='bbox 549 3950 590 3995; x_wconf 96' lang='grc'><strong>22.</strong></span> 
     </span>
    </p>

    <p class='ocr_par' dir='ltr' id='par_1_9' title="bbox 241 4025 1234 4098">
     <span class='ocr_line' id='line_1_34' title="bbox 241 4025 1234 4098; baseline -0.001 -16"><span class='ocrx_word' id='word_1_255' title='bbox 241 4029 264 4098; x_wconf 64' lang='grc'><strong>4)</strong></span> <span class='ocrx_word' id='word_1_256' title='bbox 281 4031 346 4082; x_wconf 81' lang='lat' dir='ltr'><strong>Asc.</strong></span> <span class='ocrx_word' id='word_1_257' title='bbox 364 4043 426 4081; x_wconf 78' lang='lat' dir='ltr'><strong>run.</strong></span> <span class='ocrx_word' id='word_1_258' title='bbox 444 4044 470 4094; x_wconf 81' lang='lat' dir='ltr'><strong>p</strong></span> <span class='ocrx_word' id='word_1_259' title='bbox 487 4038 530 4079; x_wconf 69' lang='lat' dir='ltr'><strong>oe„</strong></span> <span class='ocrx_word' id='word_1_260' title='bbox 549 4031 591 4078; x_wconf 84' lang='grc'><strong>27.</strong></span> <span class='ocrx_word' id='word_1_261' title='bbox 618 4026 708 4079; x_wconf 84' lang='lat' dir='ltr'><strong>Multis</strong></span> <span class='ocrx_word' id='word_1_262' title='bbox 725 4028 757 4078; x_wconf 85' lang='lat' dir='ltr'><strong>de</strong></span> <span class='ocrx_word' id='word_1_263' title='bbox 774 4026 888 4079; x_wconf 80' lang='lat' dir='ltr'><strong>Aemilia</strong></span> <span class='ocrx_word' id='word_1_264' title='bbox 901 4032 976 4091; x_wconf 78' lang='lat' dir='ltr'><strong>geute</strong></span> <span class='ocrx_word' id='word_1_265' title='bbox 990 4025 1095 4092; x_wconf 73' lang='lat' dir='ltr'><strong>patricis</strong></span> <span class='ocrx_word' id='word_1_266' title='bbox 1107 4028 1152 4080; x_wconf 81' lang='lat' dir='ltr'><strong>sed</strong></span> <span class='ocrx_word' id='word_1_267' title='bbox 1165 4028 1234 4095; x_wconf 79' lang='lat' dir='ltr'><strong>iguo·</strong></span> 
     </span>
    </p>
   </div>
   <div class='ocr_carea' id='block_1_5' title="bbox 208 4111 893 4181">
    <p class='ocr_par' dir='ltr' id='par_1_10' title="bbox 208 4111 893 4181">
     <span class='ocr_line' id='line_1_35' title="bbox 208 4111 893 4181; baseline -0.01 -13"><span class='ocrx_word' id='word_1_268' title='bbox 208 4115 254 4167; x_wconf 84' lang='lat' dir='ltr'><strong>bili</strong></span> <span class='ocrx_word' id='word_1_269' title='bbox 271 4116 323 4181; x_wconf 75' lang='lat' dir='ltr'><strong>egit</strong></span> <span class='ocrx_word' id='word_1_270' title='bbox 339 4127 462 4167; x_wconf 72' lang='lat' dir='ltr'><strong>mnne</strong></span> <span class='ocrx_word' id='word_1_271' title='bbox 478 4114 511 4165; x_wconf 72' lang='lat' dir='ltr'><strong>ni</strong></span> <span class='ocrx_word' id='word_1_272' title='bbox 525 4125 575 4165; x_wconf 81' lang='lat' dir='ltr'><strong>cre.</strong></span> <span class='ocrx_word' id='word_1_273' title='bbox 592 4113 617 4164; x_wconf 76' lang='lat' dir='ltr'><strong>(t</strong></span> <span class='ocrx_word' id='word_1_274' title='bbox 635 4111 680 4165; x_wconf 86' lang='lat' dir='ltr'><strong>Or.</strong></span> <span class='ocrx_word' id='word_1_275' title='bbox 697 4113 735 4164; x_wconf 92' lang='lat'><strong>11.</strong></span> <span class='ocrx_word' id='word_1_276' title='bbox 754 4116 787 4162; x_wconf 77' lang='lat'><strong>6⁴</strong></span> <span class='ocrx_word' id='word_1_277' title='bbox 804 4112 817 4178; x_wconf 73' lang='lat' dir='ltr'><strong>t</strong></span> <span class='ocrx_word' id='word_1_278' title='bbox 834 4114 893 4162; x_wconf 74' lang='grc'><strong>252.</strong></span> 
     </span>
    </p>
   </div>
   <div class='ocr_carea' id='block_1_6' title="bbox 0 0 1460 4950">
    <p class='ocr_par' dir='ltr' id='par_1_11' title="bbox 0 0 1460 4950">
     <span class='ocr_line' id='line_1_36' title="bbox 0 0 1460 4950; baseline 0 0"><span class='ocrx_word' id='word_1_279' title='bbox 0 0 1460 4950; x_wconf 95' lang='lat' dir='ltr'><strong> </strong></span> 
     </span>
    </p>
   </div>
  </div>
 </body>
</html>
