2910 4950
649 414 689 479 61

155 621 284 709 egregie
307 619 428 686 faciunt
450 640 510 706 pro
533 640 604 685 mea
627 619 791 707 opinione:
816 620 1007 689 Scholiasten
1031 623 1118 710 loqui
1140 620 1180 689 de

159 733 231 821 lege
253 732 389 819 quadam
414 754 531 796 suessa
549 731 607 820 ¹)].

198 846 299 911 Porro
322 846 428 910 omnia
450 845 552 930 capita
576 844 661 910 illius
688 843 767 932 legis
786 844 825 910 de
847 845 1081 933 magistratibus
1104 868 1180 932 per·

153 960 255 1023 tinent
284 957 323 1022 ad
358 957 558 1044 magistratus
591 956 794 1042 capessendos
831 958 850 1023 i.
872 981 899 1023 e.
936 957 976 1022 ad
1005 958 1179 1033 ambitum,

154 1070 211 1155 qui
240 1092 278 1134 eo
300 1080 441 1154 tempore
463 1069 494 1133 in
519 1069 755 1154 corruptissima
780 1068 903 1133 civitate
931 1070 1061 1155 impune
1085 1080 1181 1155 atque

154 1180 354 1266 impudenter
375 1180 594 1259 exercebatur,
619 1180 733 1264 cuique
756 1178 871 1243 meiius
896 1179 1015 1244 mederi
1038 1203 1100 1244 non
1125 1203 1181 1265 po·

152 1293 214 1357 tuit
232 1291 406 1379 legislator,
431 1293 490 1356 nisi
514 1291 584 1378 lege
607 1289 772 1366 Cornelia,
797 1291 888 1353 cuius
910 1289 988 1354 haee
1012 1289 1106 1354 fuisse
1128 1312 1181 1354 ca·

153 1404 219 1490 pita
239 1403 406 1481 videntur,
431 1400 745 1488 quaeque-deinceps
769 1400 950 1478 illustrab0,
978 1400 1084 1487 quoad
1103 1422 1183 1488 opus

154 1538 220 1580 ease
241 1513 411 1580 ridebitur.

199 1628 216 1710 ᾗ
241 1627 270 1692 1.
295 1648 336 1690 ne
352 1626 422 1712 quis
436 1638 618 1712 praeturam
639 1635 711 1690 aute
726 1634 930 1711 quaesturam
944 1636 1082 1711 peterat,
1103 1644 1182 1689 nere

299 1737 498 1804 consulatum
524 1748 596 1802 ante
620 1748 801 1824 praeturam
825 1736 866 1824 2).

84 1835 91 1853 ’
198 1850 269 1934 §2-
292 1872 333 1914 ue
364 1851 434 1936 quis
468 1849 604 1914 eundem
635 1850 856 1937 magistratum
889 1860 1011 1933 caperet
1033 1847 1092 1912 nisi
1114 1827 1193 1933 post·

296 1983 416 2026 annum
440 1959 599 2025 decimum
618 1961 658 2048 ³).

199 2075 215 2156 ᾗ
239 2073 270 2138 3.
294 2073 341 2136 uti
369 2071 536 2137 damnatus
565 2071 700 2135 ambitus
725 2092 783 2156 per
809 2069 918 2135 decem
941 2091 1041 2135 anuos
1063 2069 1179 2157 magis-

298 2193 440 2247 tratuum
458 2183 606 2268 petitione
628 2181 781 2246 abstineat
800 2181 841 2270 ⁴).

200 2295 354 2376 Quartam
379 2298 393 2379 §
419 2295 469 2360 hic
488 2318 554 2359 esse
571 2293 707 2359 additam
731 2304 808 2379 puto
834 2295 866 2358 in
890 2293 1025 2381 gratiam
1048 2314 1177 2370 eorum,

155 2406 210 2491 qui
232 2429 250 2471 a
272 2407 414 2493 partibus
436 2407 572 2473 crudelis
595 2406 754 2471 dictatoris
777 2416 936 2470 steterant.
984 2407 1064 2469 Nam
1088 2402 1179 2490 quid·

154 2515 230 2602 quid
252 2528 397 2583 autumat
418 2539 558 2582 wirrrcu
582 2539 639 2603 per
662 2526 764 2580 totum
787 2539 881 2581 suum
902 2516 1090 2604 opuseulum
1109 2536 1179 2580 sui.-

155 2650 220 2691 uiu
249 2627 373 2692 nonnisi
404 2627 524 2714 patriae
555 2649 663 2692 amore
687 2626 780 2690 fuisse
803 2625 949 2706 ductum,
974 2626 1014 2691 ab
1037 2628 1073 2691 iis
1095 2636 1180 2691 certe

152 2737 214 2804 hoe
245 2761 310 2803 non
344 2738 550 2815 concedetur,
594 2739 649 2823 qui
687 2737 921 2823 aliquantulum
963 2738 1180 2825 perspexerint

155 2850 231 2938 quid
258 2862 417 2938 grassatus
440 2848 537 2913 fuerit
559 2859 653 2933 atque
677 2849 820 2912 saevierit
842 2849 895 2913 ille
923 2851 955 2913 in
979 2851 1108 2914 miseros
1132 2848 1180 2914 ei-

152 2984 208 3027 res
230 2965 390 3027 Romanos
419 2983 483 3025 nou
512 2958 642 3024 nobiles.
696 2959 807 3024 Studio
837 2961 975 3045 partium
1004 2961 1180 3028 ducebatur

153 3094 254 3158 aeque
295 3095 333 3138 ac
375 3071 554 3138 adversarii.
612 3073 659 3136 Ex
699 3094 800 3158 eaque
834 3070 1005 3157 cupiditate
1039 3074 1179 3158 suspicor

151 3182 277 3251 fluxisse
300 3183 388 3250 iilam
412 3188 427 3270 ᾗ
452 3184 531 3274 legis
553 3183 717 3249 Corneliae
740 3182 778 3249 de
801 3183 939 3250 ambitu:

198 3301 214 3382 ᾗ
237 3299 269 3365 4.
294 3301 336 3365 Ut
357 3299 410 3376 iis,
435 3298 490 3384 qui
507 3320 623 3363 suessa
642 3307 745 3384 partes
761 3297 793 3362 in
812 3297 896 3363 bello
915 3296 998 3363 civili
1017 3298 1178 3362 secuties-

295 3419 379 3488 aeut,
404 3408 538 3474 honorus
561 3420 633 3474 ante
655 3420 780 3496 tempus
801 3432 912 3496 capere
934 3409 1048 3474 liceret·
1068 3408 1094 3497 θ)
1115 3411 1135 3474 i.
1149 3432 1177 3477 a.

187 3609 208 3677 ¹)
234 3611 302 3663 Vide
328 3611 395 3660 locos
422 3609 450 3657 ll.
478 3608 544 3673 apud
577 3622 672 3658 ouum.
699 3608 751 3658 ind.
779 3609 828 3672 leg.
853 3623 877 3672 p.
903 3613 963 3657 250.
985 3611 1043 3657 251.
1092 3605 1178 3656 Oratio

152 3708 260 3746 caroius
285 3693 314 3743 de
337 3691 516 3758 magistratibus
537 3691 594 3741 virio
616 3690 711 3742 creatis.
747 3692 824 3742 Fusa.
842 3706 897 3743 voc.
915 3689 1019 3739 arminia.
1046 3690 1179 3739 Marruca

152 3794 193 3846 op.
212 3781 230 3830 l.
247 3795 272 3845 p.
292 3785 333 3829 41.

188 3862 209 3932 3)
226 3866 294 3916 Aur.
313 3866 344 3914 B.
363 3863 392 3914 C.
412 3864 433 3913 1.
455 3867 511 3914 100.
530 3876 580 3913 erc.
599 3863 667 3913 Phil.
686 3861 736 3912 XI.
755 3866 778 3910 5.

188 3948 208 4016 ⁵)
226 3951 295 4000 Are.
314 3951 346 3999 B.
364 3948 393 3999 C.
413 3950 433 3999 Ι.
457 3953 512 3998 100.

190 4031 211 4097 ⁴)
228 4034 313 4085 Schol.
332 4035 396 4083 Bob.
415 4049 439 4098 p.
458 4047 500 4083 ou
519 4036 578 4082 361.

189 4113 208 4183 5)
225 4117 279 4169 Cic.
298 4118 379 4168 dead.
397 4119 433 4168 11.
456 4122 477 4167 1.
498 4116 582 4181 ibique
600 4117 755 4182 interpretes.
