2910 4950
703 417 768 484 130

221 649 259 692 en
281 626 319 692 de
343 650 437 693 causa
459 635 567 714 putem
589 647 665 690 eum
688 645 763 691 uu.
776 647 804 691 c.
827 623 892 690 695
914 624 947 689 in
971 633 1011 691 tr.
1036 624 1080 711 pl.
1100 624 1251 711 petitione

222 740 382 825 repulsam
406 740 536 827 tulisse]
575 741 644 804 Non
663 736 895 803 est-damnatus
913 759 1029 816 sciero,
1050 759 1123 802 nam
1143 747 1252 824 postea

224 849 423 915 consulatum
457 851 546 936 petiit
573 872 614 913 ex
643 871 706 934 que
736 849 886 935 petitione
916 850 1032 914 iterum
1062 846 1101 912 de
1129 846 1251 912 ambitu

224 981 298 1025 reus
332 970 421 1025 actus
453 970 501 1025 eet
535 982 562 1025 o.
583 982 616 1023 ιι.
638 980 665 1024 c.
688 961 762 1024 702.
794 980 823 1025 a.
847 959 881 1024 C.
906 959 959 1024 52.
1014 959 1159 1022 Nusrcu
1192 979 1251 1022 ec-

225 1072 347 1138 cueevit
372 1071 481 1137 scribit
508 1093 643 1149 cronno,
675 1062 825 1156 quoniam
855 1070 912 1136 ille
938 1081 1008 1136 erat
1037 1068 1203 1156 adoptatus
1232 1090 1254 1134 a

226 1206 257 1260 o.
281 1203 430 1250 cincimo
453 1205 598 1248 unroco
621 1207 674 1249 rio
697 1182 738 1271 ¹).
789 1183 883 1265 Quod
910 1192 1016 1249 temen
1039 1204 1165 1248 rieures
1188 1179 1210 1247 l.
1229 1179 1253 1247 l.

227 1305 382 1361 memorat
411 1295 498 1362 hunc
527 1320 695 1362 remum
724 1317 893 1380 serrium
927 1295 1022 1360 fuisse
1054 1303 1254 1380 quaestorem

225 1407 385 1474 urbanum
409 1431 565 1475 cicerone
587 1423 619 1473 et
639 1430 782 1473 turonio
805 1430 883 1472 coes.
907 1405 1078 1471 admodum
1096 1407 1254 1471 incertum

222 1518 353 1604 ,videtur
375 1544 479 1607 neque
501 1520 562 1586 hoc
584 1541 642 1607 per
664 1530 788 1605 tempus
811 1519 959 1585 convenit
980 1517 1122 1604 petitioni
1143 1527 1184 1582 tr.
1208 1513 1255 1601 pl.

228 1650 311 1714 quae
331 1630 440 1695 incidit
458 1631 492 1695 in
510 1652 539 1695 o.
552 1653 584 1696 u.
599 1653 626 1696 c.
641 1630 716 1695 696.
736 1651 765 1696 a.
785 1630 820 1695 C.
841 1629 895 1695 58.
941 1629 1047 1717 Igitur
1068 1628 1181 1692 melius
1202 1626 1256 1690 ti·

228 1739 332 1822 detur,
350 1765 449 1828 quum
461 1765 588 1808 etunius
600 1741 727 1807 nullum
746 1740 884 1807 adducat
894 1741 1121 1818 testimonium,
1138 1759 1256 1824 quum·

230 1874 292 1939 quo
322 1852 408 1938 quod
437 1854 533 1918 sciam
563 1873 680 1919 cicero
706 1850 745 1917 de
767 1875 805 1916 eo
827 1874 992 1937 nunquam
1016 1861 1108 1938 egat,
1139 1871 1257 1937 quam-

229 1986 326 2050 quam
342 1967 416 2031 satis
433 1966 577 2052 copiosus
595 1966 691 2030 estin
708 1964 876 2029 consulatu
890 1982 948 2029 suo
966 1962 1158 2042 coercendo,
1173 1961 1259 2028 hane

228 2097 297 2142 rem
320 2078 353 2143 in
376 2077 480 2144 medio
497 2077 688 2164 relinquere.
734 2075 875 2142 Editores
896 2076 1047 2163 permulti
1064 2084 1140 2140 eunt
1157 2072 1260 2140 locuti

229 2187 269 2252 de
292 2189 460 2275 scriptione
481 2189 576 2255 huius
599 2190 660 2255 loci
683 2187 777 2274 idque
798 2211 836 2253 ea
859 2187 898 2253 de
916 2210 1024 2267 causa,
1049 2186 1135 2273 quod
1157 2208 1260 2273 quum

231 2297 338 2364 lusum
373 2301 545 2366 verborum
575 2302 608 2365 in
639 2322 677 2364 ee
705 2300 859 2364 sententia
889 2298 1050 2377 viderent,
1084 2298 1260 2374 nescirent,
1310 2355 1314 2364 .

232 2411 308 2497 quid
330 2412 531 2478 statuendum
555 2422 635 2477 essct
656 2411 695 2476 de
718 2413 829 2476 ceteris
852 2433 939 2476 vocc.
960 2409 1054 2475 huius
1073 2407 1261 2473 sententiae:

233 2524 422 2605 „accusavit
442 2545 581 2587 ursicini
603 2523 758 2588 inhoneste
777 2545 814 2587 ac
832 2525 965 2588 modeste
982 2532 1088 2586 tamen
1111 2519 1206 2597 dixit,
1225 2527 1265 2582 ut

235 2633 367 2716 „Rhodi
393 2633 554 2699 videretur
583 2636 670 2700 molit
699 2636 816 2721 potius,
853 2657 951 2721 quam
982 2654 1104 2698 ιιοιοιιι
1133 2652 1264 2718 operam

236 2744 417 2828 „dedisse”
464 2747 527 2828 Qui
550 2770 614 2812 uon
637 2746 756 2812 rhetori
779 2769 908 2833 operam
925 2745 1023 2824 dedit,
1048 2744 1101 2810 sed
1123 2741 1264 2810 multum

236 2880 313 2922 usus
335 2867 381 2923 est
403 2860 499 2924 servis
515 2859 554 2925 'in
577 2860 686 2939 molis,
711 2860 743 2924 in
762 2861 907 2945 pistrino,
934 2868 1019 2945 certe
1041 2879 1105 2921 non
1124 2853 1266 2920 modeste

238 2969 326 3049 dicit,
361 2971 415 3036 sed
445 2973 608 3050 conviciis,
640 2972 752 3059 iurgiis
781 2973 883 3035 utitur
913 2980 944 3034 et
970 2979 1007 3034 ut
1032 2968 1095 3032 iam
1126 2967 1166 3032 ab
1195 2965 1266 3031 eliis

238 3079 357 3146 dietum
370 3091 416 3146 est
426 3083 548 3147 moleste
558 3081 641 3146 dicit.
674 3082 840 3145 Praeterea
852 3102 1021 3158 retortus,
1038 3078 1093 3165 qui
1104 3076 1265 3164 repulsam

240 3192 314 3257 tulit
334 3215 400 3257 non
427 3192 584 3257 accusavit
602 3214 740 3258 unsrun
762 3192 917 3259 indoneete
939 3191 993 3256 sed
1015 3192 1154 3269 honrem
1177 3198 1267 3275 pote·

182 3364 185 3369 ,
242 3314 292 3369 rut
307 3303 339 3370 id
357 3305 474 3390 optime
493 3304 613 3385 facere,
638 3327 713 3370 nam
732 3304 875 3370 solebant
892 3305 937 3369 ite
951 3303 1011 3382 illi,
1037 3304 1092 3389 qui
1107 3301 1267 3389 repulsam

242 3415 395 3496 tulerant3
431 3415 511 3481 illud
539 3416 573 3481 io
600 3419 769 3503 repetitum
800 3427 846 3482 est
872 3438 912 3482 ex
940 3413 1148 3502 praecedente
1177 3437 1209 3478 m
1237 3421 1270 3478 et

282 3764 432 3827 ¹)l'1ou1ns
455 3781 478 3814 u.
496 3781 521 3814 ιι.
539 3781 561 3816 c.
586 3769 645 3815 690.
669 3779 685 3813 a
706 3762 736 3813 C.
761 3766 801 3813 63.
827 3761 871 3826 (ex
893 3776 979 3813 etnim
1002 3760 1197 3826 computatione)
1219 3759 1272 3810 III.

247 3866 271 3914 p.
291 3855 350 3898 324.
386 3851 448 3899 Erat
467 3850 509 3899 hic
531 3863 617 3899 semo
633 3849 775 3898 testamenti
793 3848 819 3897 in
837 3862 916 3911 genus
934 3855 959 3898 ot
975 3848 1140 3897 ineuntem
1156 3857 1273 3894 iterant

248 3949 285 3985 ru
311 3937 448 3999 adoptatus.
483 3935 535 3983 Dio
558 3946 662 3984 ciserno
685 3933 743 3982 XL.
766 3937 808 3981 51.
842 3932 930 3993 Quum
946 3934 1110 3997 adoptabatur
1127 3933 1178 3980 iam
1194 3929 1274 3979 filiam

250 4038 308 4072 eum
326 4022 442 4086 habuisse
459 4022 518 4071 indo
534 4020 640 4071 conficio
655 4019 724 4084 quod
740 4033 816 4070 rtur.
834 4018 924 4085 Pomu
944 4023 985 4070 5⁵.
1004 4020 1058 4071 elue
1073 4018 1153 4069 filim
1165 4014 1275 4081 appellet

250 4120 412 4159 conuentu.
