2910 4950
636 426 697 490 197

157 631 321 700 vehantur.
368 633 476 718 Neque
498 631 558 698 hoo
580 631 653 697 satis
675 629 848 699 videbatur.
894 630 1045 696 absentes
1067 629 1188 723 laudas

156 744 233 810 bant
250 767 321 810 reos
342 765 400 830 per
421 743 568 809 tabellas:
594 745 723 826 „maior
746 765 818 830 pars
840 740 1042 808 laudatorum
1064 764 1177 808 scannr

156 855 285 921 aberat''
310 856 391 920 inter
413 879 492 942 quos
514 879 680 934 sonamus,
705 857 760 943 qui
783 855 991 943 proconsule
1013 865 1103 921 extra
1122 878 1178 921 ur·

156 967 227 1034 bern
250 967 444 1033 morabatur.
485 968 591 1033 Fiebat
610 968 679 1034 talis
696 967 835 1034 laudatio
854 967 987 1033 absentis
1006 990 1062 1054 per
1081 966 1180 1033 tabel-

156 1077 203 1144 las
236 1078 414 1167 obsignatas
440 1080 480 1168 1).
534 1082 586 1148 Sie
619 1082 795 1168 saepissime
825 1081 871 1145 rei
899 1079 1112 1145 laudabantur
1141 1080 1180 1146 ab

157 1190 268 1257 incolis
289 1193 526 1278 provinciarum
547 1194 592 1282 2),
617 1193 731 1280 quibus
753 1192 965 1280 profecerant,
990 1190 1041 1256 vel
1064 1214 1083 1256 a
1106 1192 1181 1257 civi·

157 1302 216 1393 bus
244 1305 309 1369 suis
341 1305 367 1369 si
401 1328 441 1370 ex
474 1307 652 1392 municipiis
682 1317 774 1371 erant
808 1302 933 1394 oriundi
957 1303 997 1390 ⁸).
1050 1301 1182 1367 Multam

158 1437 286 1501 operam
309 1415 427 1481 dabant
450 1426 485 1480 ut
503 1415 680 1504 legitimum
699 1415 917 1482 laudationum
936 1435 1107 1479 numerum
1126 1411 1184 1478 sibi

157 1540 378 1614 compararent
401 1529 456 1615 qui
479 1541 547 1594 erat
568 1553 589 1593 x
609 1527 843 1609 laudationnm;
875 1525 961 1614 quod
984 1546 1100 1591 cranao
1123 1524 1184 1590 ob-

156 1639 221 1704 iicit
240 1663 354 1718 senar,
380 1644 435 1726 qui
454 1639 532 1705 duas
551 1639 746 1706 laudationes
762 1639 939 1727 protulerat
952 1640 996 1729 ⁴):
1017 1639 1185 1726 „primum

158 1762 220 1833 „ut
242 1751 274 1816 in
298 1751 434 1831 iudiciis,
459 1753 514 1838 qui
537 1778 557 1818 x
581 1753 761 1819 laudatores
783 1753 859 1818 dare
881 1776 944 1819 non
965 1763 1067 1839 potest
1088 1752 1185 1817 hone-

157 1864 261 1942 „stius
283 1875 330 1928 est
355 1866 384 1928 ei
406 1863 533 1929 nullum
553 1865 646 1942 dare,
671 1887 768 1950 quam
791 1865 884 1929 illum
912 1865 999 1951 qnasi
1018 1865 1186 1948 lapillorum

159 1995 345 2052 „nnmerum
367 1977 586 2038 consuetudinis
608 1997 672 2039 non
695 1974 856 2060 explere.”
873 1975 914 2063 5).
960 1973 1054 2055 Quod
1070 1976 1094 2039 si
1114 1974 1183 2038 lau-

158 2081 282 2148 datores
302 2107 420 2148 vranrs
436 2086 611 2150 exstiterint
631 2086 657 2174 8)
691 2085 900 2151 dubitandum
927 2109 990 2151 non
1015 2097 1077 2165 est,
1102 2097 1187 2151 recte

159 2192 267 2259 fecisse
289 2217 469 2274 rouretum,
499 2198 554 2283 qui
578 2196 671 2262 hasce
693 2196 800 2263 sordes
822 2221 862 2262 ex
884 2197 1006 2263 indiciis
1027 2197 1185 2264 abiecerit.

158 2306 345 2386 πάμπολλοι
366 2309 429 2390 γὰρ
449 2309 506 2374 ὑπὸ
529 2316 588 2374 τῶν
611 2310 800 2388 ἀξιοπίστων
821 2310 1034 2389 ἐπαινούμενοι
1051 2309 1186 2390 {Kaprol-

159 2421 243 2503 ζιντι
262 2420 303 2508 7).
342 2424 409 2487 Ηοε
436 2422 521 2487 enim
545 2422 595 2488 vel
619 2424 756 2489 maxime
783 2421 943 2509 quondam
970 2421 1086 2487 iudicia
1112 2444 1188 2486 cor-

158 2544 298 2618 ruperat.
353 2536 512 2601 Ponrrrns
547 2559 672 2603 omnem
708 2520 922 2602 laudationem
952 2534 1130 2602 iudicialem
1154 2535 1182 2624 8)

158 2645 285 2711 sustulit
308 2646 348 2735 ⁹).
401 2647 495 2729 Quod
525 2659 631 2714 tamen
661 2672 725 2714 non
756 2649 902 2736 religiose
931 2658 1090 2714 servatum
1122 2671 1187 2713 esse

158 2754 298 2835 videtur3
335 2779 410 2822 narn
439 2779 556 2823 cranao
586 2758 694 2824 scribit
723 2758 763 2823 ad
792 2782 910 2824 aaaron
939 2780 967 2824 a.
993 2781 1025 2824 u.
1049 2760 1083 2825 C.
1109 2760 1184 2824 704.

192 3013 212 3077 ¹)
231 3015 285 3067 Cre.
304 3031 328 3080 p.
346 3014 440 3065 Flaeoo
462 3020 491 3064 15
511 3016 524 3081 5
541 3020 574 3066 36
593 3031 647 3081 sqq.

191 3097 211 3165 2)
229 3103 374 3152 Brauroar
391 3101 454 3165 Περ.
473 3102 545 3152 Rom.
564 3103 601 3153 11.
621 3117 645 3166 p.
668 3104 715 3150 108
733 3115 771 3165 sq.

192 3182 212 3250 5)
230 3186 286 3237 Cre.
305 3202 329 3250 p.
347 3186 418 3237 Coal.
438 3191 453 3234 a
472 3186 485 3250 5
503 3191 527 3236 5.

190 3267 211 3331 ⁴)
230 3271 284 3322 Crc.
304 3273 379 3322 Verr.
398 3272 434 3321 11.
454 3273 488 3321 V.
509 3277 541 3320 22
559 3271 572 3335 5
591 3274 632 3321 57.

191 3351 211 3421 ⁸)
229 3355 305 3416 Quod
322 3369 417 3406 cronno
434 3364 517 3404 tamen
535 3369 565 3404 eo
582 3355 600 3403 l.
618 3353 704 3417 paullo
719 3359 774 3416 post
788 3352 981 3412 dictamnum
999 3367 1077 3401 anam
1094 3350 1183 3402 afferre

156 3442 342 3501 laudationem,
360 3442 453 3492 falsum
471 3449 515 3491 ost.
550 3441 731 3491 Laudarerunt
746 3453 804 3488 eum
813 3438 960 3488 Mamertini
980 3444 1005 3487 et
1024 3437 1182 3500 Syracusani.

154 3527 210 3578 Crc.
228 3529 303 3577 Verr.
323 3529 359 3576 Π.
378 3543 406 3576 ιι.
426 3533 440 3576 5
461 3528 532 3590 513.
554 3531 584 3575 la
605 3526 676 3587 §aa
691 3540 715 3573 ι.
738 3529 767 3572 18
788 3524 859 3586 §st
896 3523 985 3572 Voluit
1004 3523 1072 3572 enirn
1097 3530 1181 3571 orator

156 3613 371 3678 Syracusanorum
389 3614 559 3663 laudationem
577 3611 715 3661 detrahere.
733 3623 783 3658 cre.
803 3611 877 3658 Verr.
895 3608 932 3657 11.
950 3622 977 3656 ιι.
997 3613 1010 3655 5
1032 3609 1046 3669 §
1069 3611 1107 3655 15.

189 3694 209 3761 ὃ)
227 3697 312 3758 Quam
333 3711 422 3759 parum
446 3699 498 3748 'ustis
523 3696 706 3747 laudationibus
729 3693 846 3743 standum
868 3700 932 3742 esset
949 3692 991 3741 rel
1008 3692 1101 3741 exindo
1119 3691 1181 3740 indi·

154 3782 206 3831 cari
229 3789 322 3844 potem,
345 3781 413 3844 qaod
435 3794 530 3831 crosno
553 3794 682 3832 vnrmrnu
705 3777 840 3841 magnifica
865 3776 1008 3826 laudatione
1035 3783 1178 3839 prosecutus
1229 3763 1234 3789 ¹

155 3869 195 3918 sit.
222 3868 277 3918 Cre.
296 3868 328 3916 nd
346 3867 417 3916 Fam.
436 3867 458 3915 Ι.
476 3871 500 3915 9.

189 3950 210 4016 7)
227 3953 280 4001 Dro
298 3965 401 4001 cassius
420 3951 477 4000 XL,
497 3954 538 4000 52.

189 4035 210 4100 8)
228 4036 345 4085 Pounarr
363 4035 437 4084 IIrsr.
456 4033 501 4083 sor.
519 4034 592 4085 Rom.
611 4035 647 4085 11.
667 4040 691 4083 4.

190 4116 210 4182 ῃ)
226 4118 279 4169 Dro
297 4132 398 4170 cassans
416 4118 474 4168 XL.
496 4122 537 4168 52.
