2910 4950
691 416 753 482 105

208 636 284 693 runt
306 592 349 692 ad
367 626 428 692 hoc
449 624 602 690 iudicium
624 624 664 711 1).
711 622 805 705 Quod
829 623 867 701 ii,
897 623 952 709 qui
975 623 1133 711 repulsam
1152 625 1233 691 tule-

209 751 283 804 rant
302 737 481 826 designatos
504 735 694 829 accusabant
714 756 772 822 per
793 758 827 800 se
850 735 1039 824 intelligitur
1060 736 1102 827 2).
1125 736 1235 819 'Quod

209 850 257 917 illi
278 851 305 918 si
327 873 398 916 reos
420 850 610 914 damnarant
630 848 663 913 in
686 848 923 913 carumlocum
944 846 1060 912 fiebant
1076 846 1233 927 consules,
1271 826 1280 837 ⁶

207 985 248 1029 ex
277 964 344 1050 ipsa
373 971 489 1028 natura
518 982 627 1026 rerum
653 960 798 1046 sequitur
827 969 859 1023 et
881 959 1073 1024 miraremur
1095 961 1121 1024 si
1145 959 1237 1025 aliter

208 1075 359 1141 eveniret.
405 1072 467 1137 Sed
495 1095 560 1138 non
588 1083 634 1138 est
661 1071 829 1138 dicendum
859 1070 892 1136 id
918 1072 1007 1156 sequi
1033 1095 1073 1138 ex
1096 1071 1175 1161 legis
1197 1070 1237 1137 de

209 1183 331 1250 ambitu
360 1182 501 1268 praemio
530 1192 582 1247 ut·
595 1182 718 1268 saepius
748 1180 891 1247 homines
920 1193 1097 1248 autumant
1152 1182 1238 1265 Quid

208 1297 294 1362 enim
313 1294 441 1360 stultius
459 1294 590 1382 cogitari
605 1303 707 1380 potest
722 1315 818 1380 quam
834 1290 895 1358 hoc
911 1296 1139 1380 praeceptum?
1174 1294 1238 1358 llo·

208 1408 254 1474 vis
284 1406 506 1495 largitionibus
535 1406 625 1471 novis
655 1405 820 1471 fraudibus
846 1406 891 1470 sie
913 1404 1002 1471 locus
1027 1403 1175 1484 daretur,
1207 1415 1240 1471 et

208 1520 265 1606 qui
291 1518 411 1584 frustra
439 1525 542 1582 totum
573 1515 728 1603 populum
760 1537 965 1602 corrumpere
995 1525 1127 1582 conatus
1146 1525 1237 1596 erat,

208 1653 327 1718 paucos
355 1628 474 1695 iudices
504 1628 656 1708 ambiret,
691 1639 724 1695 et
756 1628 878 1694 minore
908 1627 1078 1716 largitione
1107 1628 1239 1695 fortasse

211 1741 327 1808 iudicia
353 1764 371 1806 e
394 1743 472 1828 Rep.
499 1740 623 1806 tolleret
650 1750 688 1805 ut
708 1741 752 1806 sic
774 1763 914 1806 summos
936 1739 1161 1827 adipisceretur
1181 1739 1238 1806 ho-

210 1875 314 1920 nores.
368 1851 462 1934 Quod
492 1875 592 1939 quum
621 1853 684 1918 iam
714 1874 771 1938 per
793 1875 825 1916 se
853 1851 1051 1939 intelligatur
1081 1852 1240 1938 quamsit

210 1965 369 2051 ineptum,
393 1962 509 2029 falsum
532 1985 598 2028 esse
617 1964 711 2028 etiam
727 1972 858 2049 apparet
880 1986 920 2028 ex
939 1961 1010 2027 loco
1028 1962 1236 2052 ercnn0r1s⁸)

209 2075 265 2141 ubi
285 2075 403 2163 legitur
424 2095 618 2150 coronarum
635 2073 741 2162 filium
764 2073 843 2152 eius,
867 2074 920 2160 qui
936 2075 1092 2158 repulsam
1110 2077 1238 2154 tulerat,

210 2186 376 2253 damnasse
409 2206 548 2264 sussum,
586 2183 690 2272 adque
723 2191 856 2271 patrem
879 2182 1024 2250 retulisse
1058 2184 1241 2250 consulatus

211 2298 368 2364 honorem
389 2296 437 2386 ⁴):
462 2294 576 2379 „Quid
594 2297 678 2361 enim
700 2305 730 2360 te
752 2296 874 2383 ipsum,
898 2294 1117 2384 dignissimum
1140 2296 1239 2363 maio·

211 2409 326 2494 „ribus
340 2408 418 2487 suis,
444 2407 629 2495 voluptasne
642 2406 783 2487 induxit,
808 2417 844 2473 ut
859 2407 1111 2474 adolescentulus
1127 2432 1153 2475 s.
1167 2431 1239 2474 sus·

213 2545 298 2605 „sss
331 2521 468 2607 eriperes
497 2519 721 2586 consulatum?
774 2521 878 2602 Quem
909 2541 1009 2607 quum
1044 2520 1085 2587 ad
1114 2532 1238 2608 patrem

211 2644 329 2717 „tuum
351 2632 508 2698 retulisses
527 2631 730 2699 fortissimum
749 2633 869 2711 virum,
895 2632 998 2718 qualis
1020 2632 1075 2699 ille
1090 2633 1142 2700 vel
1162 2657 1238 2701 con-

245 3011 266 3080 1)
284 3012 362 3062 Multi
379 3011 447 3061 enim
465 3010 590 3071 scribunt,
607 3010 749 3060 necessario
765 3011 843 3061 suffici
858 3011 885 3061 in
903 3012 1080 3064 damnatorum
1097 3016 1177 3078 looos',
1194 3019 1239 3084 qui

214 3112 255 3150 eos
273 3097 381 3147 ambitus
399 3095 581 3145 damnaverint
617 3095 727 3145 Scaena
743 3111 782 3160 op.
798 3096 816 3171 l.
827 3101 850 3145 5.
859 3097 891 3146 cl.
906 3111 1052 3148 noucnsun
1066 3113 1099 3164 op
1114 3100 1131 3149 l.
1145 3117 1169 3165 p.
1180 3107 1238 3152 41⁰.

212 3182 294 3248 [Quid
313 3182 391 3244 igitur
408 3181 428 3229 si
445 3188 501 3244 post
518 3180 640 3229 honorem
660 3188 758 3243 gestum
776 3181 960 3232 damnabantur
977 3183 1118 3249 ambitusi]

247 3262 267 3330 π)
284 3266 343 3316 Hoc
366 3265 402 3315 ita
425 3277 473 3314 usu
496 3264 566 3313 venit
589 3265 656 3328 apud
675 3265 803 3316 Romanos
821 3274 850 3316 ut
866 3281 960 3318 cronno
977 3269 1092 3319 aculeum
1111 3270 1196 3320 iecerit
1213 3272 1240 3321 in

215 3364 368 3401 rosruururr
391 3350 582 3413 subscriptorem
606 3350 633 3399 in
656 3364 805 3410 numnam
828 3367 850 3402 c.
874 3357 915 3402 at.
940 3355 1017 3416 557.
1054 3355 1241 3420 nItespondebo

216 3434 311 3498 sigitur
332 3446 464 3483 nomento
478 3434 604 3497 primum,
626 3433 671 3498 qui
689 3435 786 3495 neseio,
803 3452 854 3501 quo
871 3445 957 3502 pacto,
974 3439 1039 3490 mihi
1056 3441 1154 3491 videtur
1168 3458 1240 3508 proc»

117 3508 120 3515 ’
216 3517 312 3567 sterias
330 3515 475 3566 candidatus
492 3516 518 3566 irs
532 3516 695 3579 consalorem,
713 3518 986 3582 quaestuosissimis
1002 3523 1175 3589 quadripatens
1188 3543 1240 3575 car·

216 3600 337 3652 uricamm
353 3601 482 3651 incurrere.
518 3601 596 3654 Cuius
618 3605 791 3668 competitores
814 3605 836 3656 si
853 3606 917 3655 nihil
934 3607 1107 3672 deliquerunt,
1125 3610 1241 3672 dignitati

215 3701 323 3737 ssorum
343 3688 478 3746 concessit,
495 3703 575 3752 quum
595 3695 679 3752 petere
697 3689 806 3750 destitit,
823 3690 862 3739 sin
880 3698 965 3740 autem
983 3705 1070 3741 eorum
1086 3693 1176 3757 aliquis
1193 3693 1241 3741 lar·

216 3773 301 3835 agitne
319 3778 369 3830 eet,
393 3772 549 3835 expetendus
569 3773 664 3824 amicus
685 3782 735 3835 est,
752 3775 798 3840 qui
812 3774 922 3825 alienam
935 3775 1018 3839 potius
1033 3776 1150 3827 iniuriam
1163 3792 1241 3843 quani

218 3870 310 3906 usuam
327 3858 513 3919 persequetur?

251 3936 272 4003 ⁸)
289 3938 345 3990 Cre.
363 3940 395 3990 de
411 3939 470 3989 Fin.
488 3940 524 3989 11.
546 3944 576 3988 1⁹
594 3941 609 4005 ξ
628 3944 669 3990 62.

252 4019 272 4090 ⁴)
291 4022 371 4087 [Vide
389 4024 465 4073 etiam
483 4036 532 4074 esc.
551 4039 575 4088 p.
594 4024 708 4076 Sulislt
728 4028 808 4092 ⁵⁴⁸,
827 4033 875 4090 49,
893 4032 934 4080 50.
953 4034 986 4080 aa
1004 4030 1083 4096 §aas
1099 4034 1170 4094 pater
1186 4031 1241 4082 sun

217 4107 340 4174 scripsisse
357 4107 463 4168 videtur.
498 4107 660 4162 Contrarium
676 4112 748 4176 ponit
764 4126 860 4164 onasu-
878 4114 905 4166 in
921 4113 1013 4169 Onon:
1031 4113 1114 4179 Tull]
