2910 4950
653 412 672 476 5

193 623 305 689 Petitio
328 624 568 711 magistratuum
592 620 690 685 divisa
712 628 780 684 erat
802 620 834 684 in
856 619 994 685 duarum
1010 620 1169 687 rationum

147 734 360 824 diligentiam,
384 755 522 822 quarum

147 845 248 912 altera
270 848 303 911 in
327 849 493 913 amicornm
514 845 637 923 stadiis,

144 955 245 1023 altera
267 958 300 1022 in
317 958 466 1045 populari
486 958 655 1034 volontate,
679 953 824 1041 ponenda
847 962 894 1020 est
918 956 958 1041 Ι).

188 1069 233 1134 lle
255 1067 303 1135 hia
324 1092 465 1136 seorsum
488 1077 534 1133 ost
555 1065 736 1133 videndum.

616 1271 686 1353 51.

356 1423 409 1489 De
431 1424 597 1489 amicorum
618 1423 724 1488 stadiis
746 1422 779 1486 in
795 1420 952 1507 petitione.

183 1622 285 1688 Amici
311 1632 386 1688 sunt
411 1624 445 1688 in
472 1622 621 1711 petitione
650 1622 670 1687 ii
694 1644 819 1700 omnes,
851 1620 965 1707 quibus
991 1642 1065 1686 eum
1088 1640 1163 1685 can-

137 1731 243 1798 didam
254 1732 412 1820 quaelibet
425 1732 591 1799 intercedit
604 1732 798 1799 necessitudo
823 1741 854 1796 et
873 1730 974 1796 solent
989 1731 1011 1795 ii
1026 1729 1164 1796 maxime

140 1842 310 1911 candidatis
329 1845 451 1924 favere,
477 1857 513 1910 ut
526 1867 650 1931 semper
669 1843 764 1911 credo
780 1842 899 1910 factum
918 1852 981 1922 est,
1006 1845 1061 1929 qui
1080 1842 1163 1907 iuter

138 1952 247 2020 affines
268 1966 300 2020 et
320 1956 452 2021 tribules
473 1966 694 2022 numerantur.

181 2061 300 2127 Omnes
328 2063 375 2128 illi
409 2064 502 2128 amici
536 2075 627 2128 erant
659 2085 679 2128 a
712 2060 878 2128 candidato
911 2062 1097 2128 observandi
1130 2073 1162 2129 ot

137 2171 261 2238 colendi
284 2171 331 2260 ²);
363 2172 415 2239 vel
447 2183 483 2238 ut
516 2173 576 2240 hoe
609 2173 707 2239 verbo
741 2172 840 2240 ferme
873 2173 995 2240 solenni
1028 2172 1159 2239 dicitur:

127 2285 317 2368 premmrdi3
337 2284 422 2370 quod
437 2286 492 2371 qui
511 2285 586 2351 facit
603 2288 669 2352 sine
689 2285 756 2352 ulla
775 2286 860 2373 turpi
880 2285 1060 2352 adulatione
1078 2285 1159 2352 dici-

133 2403 289 2461 turmore
310 2396 461 2462 mmmm
477 2410 586 2485 petere
607 2397 647 2486 ³).

176 2507 311 2572 Romani
334 2510 517 2595 praesertim
541 2510 573 2576 in
597 2510 667 2576 foro
689 2520 721 2575 et
739 2511 772 2575 in
796 2531 908 2596 eampo
927 2509 952 2574 si
971 2508 1156 2595 opportuni-

131 2626 178 2682 tas
210 2616 346 2685 dabatur
382 2621 539 2707 petebant.
593 2622 644 2688 Sic
673 2644 790 2688 crosno
824 2620 940 2706 incepit
972 2620 1153 2707 petitionem

128 2730 326 2815 prematioue
355 2731 532 2811 adstruere,
563 2733 596 2798 in
626 2755 739 2821 eampo
762 2733 894 2799 comitiis
919 2729 1105 2797 Tribunieiis
1124 2729 1151 2818 ⁴)

127 2838 148 2905 i.
172 2862 200 2906 e.
224 2852 391 2929 postquam
413 2843 558 2910 eonsules
580 2845 613 2910 in
636 2855 818 2932 sequentem
842 2866 962 2910 anuum
984 2853 1077 2909 eraut
1094 2842 1154 2923 de-

127 2949 243 3037 signati
268 2951 309 3040 ὅ).

89 3196 94 3203 -
159 3158 230 3226 ¹10„
249 3161 326 3213 frater
343 3163 374 3213 de
391 3162 461 3227 petit
479 3163 576 3214 consul.
595 3168 618 3213 5.
639 3165 655 3227 ξ
675 3166 715 3212 lt.

157 3240 179 3311 1)
197 3245 260 3297 Inde
280 3247 370 3297 oonfloi
389 3255 470 3312 potest
489 3248 599 3298 multum
618 3247 737 3312 temporis
754 3262 770 3297 a
786 3244 917 3297 candidato
933 3247 1046 3297 consumi
1063 3248 1089 3297 in
1108 3248 1152 3297 ho-

123 3330 191 3379 uotis
208 3332 335 3395 petitione.
353 3359 390 3371 -
407 3332 450 3383 Sio
466 3346 561 3384 crosno
578 3334 664 3383 scribit
680 3333 713 3382 ad
730 3331 786 3382 Art.
796 3332 817 3381 Ι.
836 3336 857 3380 1.
872 3345 899 3381 se
914 3330 1048 3396 prensandi
1065 3330 1152 3392 iecisse

121 3416 222 3473 initium
236 3432 259 3467 a
274 3419 300 3471 d.
315 3418 384 3468 XVI
396 3418 456 3467 Kal.
472 3418 544 3469 Sext
564 3419 581 3468 i.
596 3432 617 3468 e.
636 3419 720 3467 statim
736 3423 792 3481 post
807 3416 900 3465 comita
922 3413 1064 3464 consularia
1085 3430 1151 3480 quao

121 3500 199 3565 vulgo
215 3502 373 3554 habebantur
390 3519 424 3553 m.
435 3503 567 3565 Quinctili.
608 3502 659 3552 Per
675 3510 757 3552 totum
774 3501 852 3563 igitur
868 3515 965 3549 annam
982 3512 1077 3549 menno
1093 3514 1151 3550 oon-

120 3586 230 3636 sulatum
246 3603 263 3637 a
278 3588 342 3653 Pop.
359 3588 433 3638 Rom.
457 3589 537 3652 petiit.
573 3587 624 3649 Qui
647 3595 732 3637 tamen
756 3587 833 3637 otiam
857 3585 956 3649 longius
975 3592 1034 3635 ante
1051 3586 1170 3651 tempns'

119 3670 251 3732 petebant,
268 3672 494 3723 eontomnebautur
511 3672 561 3721 vid.
580 3672 726 3737 exemplum
747 3683 829 3721 onnnt
855 3669 922 3734 apud
949 3680 998 3718 cic.
1026 3667 1044 3716 l.
1063 3668 1079 3716 l.
1104 3668 1149 3717 ubi

119 3754 189 3804 illius
205 3757 330 3819 prensam
346 3758 437 3809 dieitur
450 3772 628 3824 praepropero.

153 3834 175 3904 ⁵)
192 3837 248 3889 Cre.
264 3839 298 3889 ad
314 3839 369 3890 nn.
387 3842 410 3891 1.
431 3846 453 3892 1.
471 3843 514 3893 nbi
537 3856 625 3893 onaan
644 3842 734 3894 dieitur
757 3842 810 3892 sino
832 3840 889 3890 iuoo
908 3846 934 3890 et
955 3837 1059 3889 iollaoiis
1076 3851 1146 3887 moro

117 3922 241 3973 maiorum
259 3923 365 3988 petiisse.

151 4005 452 4069 anan

151 4089 172 4159 ⁵)
189 4094 249 4145 vid.
266 4094 281 4159 i
297 4098 321 4143 6.
340 4094 406 4146 Soet.
425 4100 474 4144 2⁸².
