2910 4950
686 402 749 465 146

210 613 323 678 mentis
352 611 452 676 reiicit
473 609 519 699 Ι);
552 631 657 694 nequo
686 617 791 672 tamen
824 609 975 673 assentior
1004 630 1160 676 wurnrao
1184 615 1234 703 ²),

209 746 362 788 sroorruu
384 723 410 810 8)
437 732 561 800 secuto,
591 722 646 807 qui
668 729 765 784 totam
788 718 1010 785 sodaliciorum
1035 744 1162 789 causam
1185 747 1237 790 re·

210 834 271 899 fert
293 835 333 900 ad
351 836 416 899 rim
436 834 474 924 ⁴).
525 835 662 899 inhalas
680 833 839 925 decas-iare
857 833 883 896 is
905 830 1033 912 dicitur,
1059 837 1112 921 qui
1136 836 1238 902 tribu-

210 945 255 1010 les
287 970 359 1011 suos
378 947 421 1010 in
453 945 596 1010 decurias
622 944 672 1009 vel
697 945 729 1009 in
753 944 865 1009 classes
888 945 1039 1030 quasdam
1063 946 1237 1028 distribuit,

208 1080 407 1143 praeponens
438 1056 571 1144 singulis
603 1056 738 1122 decuriis
776 1055 977 1122 decurionem
1014 1059 1104 1123 cuius
1129 1059 1162 1124 id
1191 1070 1240 1126 est

209 1169 335 1235 efficere
364 1180 401 1235 ut
430 1171 463 1234 in
491 1170 624 1235 comitiis
646 1168 792 1235 decuriae
814 1190 889 1233 suae
911 1167 1058 1256 adscripti
1084 1193 1154 1236 eam
1174 1171 1239 1237 fer-

208 1291 279 1346 rent
310 1280 516 1359 sententiam,
549 1303 645 1367 quam
678 1279 753 1344 ferri
780 1280 850 1344 rult
879 1282 923 1359 is,
954 1282 1013 1367 qui·
1030 1281 1161 1348 tribules
1184 1281 1238 1348 di-

209 1392 292 1457 citur
328 1393 502 1459 decuriare.
556 1395 601 1458 lio
634 1391 729 1457 modo
760 1415 840 1478 opus
869 1414 934 1457 non
964 1403 1032 1457 erat
1057 1405 1095 1459 ut
1123 1394 1238 1460 candi-

208 1501 299 1569 datus
329 1507 394 1591 ipse
423 1516 601 1591 prensaret,
634 1504 687 1569 sed
715 1503 781 1570 sola
808 1505 959 1590 pecuniae
985 1505 1153 1594 largitione
1175 1506 1239 1575 hoc

208 1636 322 1680 curare
345 1615 478 1680 debebat
499 1627 537 1680 ut
556 1626 602 1681 tot
620 1615 749 1680 haberet
766 1614 952 1681 decuriones
967 1617 987 1682 i.
1000 1640 1028 1682 e.
1048 1616 1169 1683 sodales
1185 1618 1238 1685 vel

210 1728 345 1806 amicos,
371 1728 425 1813 qui
448 1727 505 1791 sibi
528 1736 653 1813 possent
671 1727 766 1791 tribas
784 1731 945 1816 conficere,
970 1727 1021 1792 vel
1040 1730 1096 1815 qui
1114 1738 1161 1794 tot
1178 1728 1238 1796 ho-

208 1839 308 1904 mines
331 1841 363 1904 in
387 1841 506 1905 maiore
529 1842 619 1925 parte
640 1839 781 1904 tribuum
805 1839 862 1904 sibi
885 1839 1080 1905 devincirent
1102 1851 1139 1905 ut
1160 1862 1237 1907 can-

208 1949 332 2017 didatus
361 1974 420 2037 pro
450 1974 515 2038 quo
537 1951 726 2031 laborabant
748 1973 818 2015 eam
842 1950 960 2015 tribum
983 1949 1081 2016 ferret
1098 1951 1138 2040 ⁵).
1184 1951 1238 2017 Id·

208 2084 271 2147 que
300 2060 485 2127 decuriones
515 2071 660 2148 poterant
694 2060 746 2126 vel
779 2061 811 2124 vi
840 2060 891 2125 vel
922 2062 1057 2147 pecunia
1090 2061 1236 2145 efficere3

209 2197 250 2239 ex
272 2173 485 2239 decuriatione
511 2174 610 2260 igitur
632 2173 720 2259 sequi
743 2183 844 2259 potest
867 2172 917 2237 vel
941 2174 1058 2237 creatio
1080 2172 1240 2240 candidati

208 2307 266 2371 per
296 2285 496 2373 largitionem
527 2286 578 2350 vel
609 2307 667 2371 per
693 2284 757 2349 vim
780 2284 831 2349 rel
854 2306 912 2370 per
934 2296 1107 2370 utramque
1129 2286 1237 2355 simul.

208 2393 326 2459 Eodem
349 2394 444 2459 modo
467 2395 628 2479 descriptio
649 2393 700 2458 vel
723 2395 901 2479 conscriptio
924 2395 1033 2482 populi
1053 2395 1160 2461 locum
1175 2397 1238 2463 ha-

210 2504 304 2570 bebat
325 2505 386 2571 hoc
407 2505 585 2570 discrimine
612 2514 649 2568 ut
671 2503 844 2570 decuriatio
862 2505 901 2570 de
919 2507 1100 2587 tribulibus,
1121 2508 1238 2575 descri-

189 2617 276 2703 -ptio
299 2615 337 2681 do
360 2617 483 2703 reliqua
505 2616 708 2681 multitudine
731 2617 814 2682 dicta
832 2642 897 2684 esse
917 2617 1114 2710 videaturil.
1142 2621 1239 2704 Quod

210 2729 237 2792 si
258 2750 372 2794 verum
394 2739 441 2793 est
462 2728 547 2814 quod
569 2728 645 2795 dicit
662 2752 855 2811 wunnerus,
880 2730 1064 2798 decuriones
1083 2733 1154 2800 illos
1172 2758 1239 2802 esse

212 2837 433 2924 intelligendos
456 2840 590 2917 sodales,
621 2850 776 2926 quantum
803 2843 978 2907 sodalitates
1000 2853 1139 2910 mutatae
1161 2855 1240 2914 tune

211 2958 302 3015 erant
332 2950 372 3015 ab
402 2952 539 3037 antiquis
570 2950 650 3030 illis,
687 2952 740 3017 ubi
770 2950 890 3018 sodales
919 2955 1002 3019 inter
1030 2959 1237 3039 necessarios,

213 3073 426 3150 cognatosque
445 3062 705 3152 numerantem).
730 3063 847 3130 Eodem
860 3065 954 3132 modo
965 3076 1042 3133 tunc
1053 3068 1238 3155 explicanda

247 3249 267 3317 ¹)
285 3253 434 3303 Moriatur.
451 3266 491 3314 op.
509 3250 527 3299 l.
545 3266 569 3314 p.
589 3255 621 3300 59
640 3265 677 3317 sq.

248 3332 268 3401 ²)
285 3337 442 3387 Wrunrars
459 3335 528 3384 Prol.
546 3336 597 3385 111.
617 3343 632 3386 ³
653 3336 665 3401 d
684 3341 708 3385 2.

246 3417 266 3484 ὅ)
284 3421 409 3471 Sroouros
427 3421 459 3468 de
476 3421 532 3470 Iud.
550 3421 587 3469 11.
606 3426 658 3471 ³0..

248 3500 268 3570 ⁴]
286 3504 336 3553 His
353 3505 429 3553 etiam
446 3505 580 3553 assentitur
597 3518 674 3555 o.1›r
691 3519 749 3555 usu
766 3505 792 3555 in
811 3507 867 3557 diss.
886 3507 903 3557 l.
921 3522 946 3572 p.
966 3510 999 3558 37
1017 3509 1073 3560 init.

248 3583 268 3653 5)
286 3586 325 3638 ci.
343 3601 392 3638 cm.
411 3603 435 3653 p.
453 3588 541 3637 Plane.
564 3593 593 3636 ιι
612 3589 625 3653 p
643 3594 684 3639 ar.

249 3668 270 3738 6)
287 3674 359 3723 Ilaec
382 3673 501 3738 pleraque
525 3674 584 3736 petii
607 3688 640 3723 ex
661 3688 785 3723 wanurar
806 3681 940 3725 comment.
958 3676 991 3725 ed
1007 3675 1096 3727 Plane.
1117 3681 1148 3728 18
1165 3678 1179 3743 d
1196 3683 1238 3729 45.

214 3758 256 3808 cai
279 3758 413 3807 assentitur
435 3771 573 3806 noussen.
598 3772 637 3821 op.
662 3758 679 3806 l.
702 3773 727 3822 p.
749 3763 781 3806 58
805 3775 831 3807 ιι.
853 3763 891 3809 12.
927 3760 1000 3821 Quae
1015 3776 1170 3827 quamquam
1188 3778 1239 3814 ιιοιι

119 3838 125 3851 “
214 3858 249 3894 ox
270 3845 339 3892 omni
357 3850 427 3907 parta
450 3843 514 3892 mihi
532 3842 703 3903 satisfaciunt,
721 3850 806 3893 manen
823 3845 949 3909 adscripsi.
975 3846 1085 3896 Meliora
1101 3849 1171 3898 enim
1188 3863 1240 3898 uon

214 3928 304 3978 habeo.

249 4010 271 4079 7)
288 4011 356 4063 Vide
373 4024 553 4061 nonnarum!
571 4026 596 4076 p.
615 4017 639 4061 ³.
657 4013 701 4076 qai
719 4019 803 4063 tamen
821 4013 917 4065 fallitur
933 4013 1016 4065 locam
1031 4026 1080 4065 erc.
1095 4015 1127 4064 ds
1142 4012 1187 4065 Or.
1202 4012 1240 4064 Π.

217 4101 250 4145 49
267 4096 280 4161 a
298 4100 357 4146 200.
375 4097 499 4147 sodalitati
515 4096 642 4158 tribuens,
659 4097 726 4161 quod
746 4104 772 4147 et
790 4112 851 4148 mox
875 4098 1018 4150 dubitanter
1035 4114 1061 4148 ιι.
1080 4104 1104 4147 a.
1122 4096 1240 4158 retraxit,
