2910 4950
707 395 726 458 9

253 600 316 681 Qui
341 598 529 688 suffragium
559 623 652 667 suum
676 600 738 667 fert
759 624 819 688 pro
841 602 949 689 aliquo
970 602 1086 669 dicitur
1111 604 1137 692 ¹)
1164 626 1232 670 euna

204 712 325 800 faeere.
370 716 417 779 Ex
440 712 516 780 loeis
538 736 644 779 onnnrr
669 713 696 803 ²)
723 724 755 779 et
777 735 943 780 ciceronis
961 713 988 802 ³)
1012 724 1114 801 potest
1134 714 1232 781 intel-

211 822 267 913 ligi
299 827 460 891 Romanos
500 826 672 913 antiquitus
705 849 770 891 non
807 849 931 915 semper
964 827 1072 893 amieis
1105 827 1230 893 favisse:

210 928 341 1023 nempe:
373 959 403 1004 o.
429 961 592 1004 rnnarcros
616 938 695 1026 fecit
725 941 875 1005 confflem
897 964 924 1006 ι’.
949 961 1132 1010 corrruon
1155 949 1232 1005 stre·

209 1068 311 1113 nuum
329 1049 515 1117 bellatorem
538 1051 592 1117 sed
614 1074 747 1116 avarum
770 1050 929 1117 hominem
952 1060 984 1117 et
1005 1073 1147 1117 ranrrou
1169 1050 1233 1115 ini-

210 1157 338 1225 micum.
392 1160 430 1225 In
454 1183 491 1226 ea
513 1161 661 1248 petitione
688 1182 903 1227 c.rarnrc1os
926 1184 1050 1229 summa
1071 1184 1131 1247 ope
1153 1182 1233 1225 con-

210 1292 305 1335 natro
338 1272 532 1361 suffragatur
565 1283 621 1342 est.
688 1271 783 1355 Quod
817 1295 917 1359 quum
949 1272 1001 1339 hic
1033 1270 1236 1338 intellexisset

211 1404 385 1448 rraarcron
407 1384 483 1450 adiit
504 1395 536 1451 et
557 1385 676 1474 gratias
697 1385 726 1450 ei
749 1384 815 1473 egit
832 1384 917 1471 quod
936 1383 1022 1450 illiue
1044 1406 1141 1470 opera
1158 1406 1234 1451 oon·

210 1491 349 1558 sulatum
365 1505 476 1560 nactus
494 1507 583 1562 esset.
618 1496 675 1563 Cui
694 1495 738 1561 aio
758 1516 940 1561 rannerus:
960 1493 1074 1578 „Nihil
1085 1503 1132 1561 eat
1150 1493 1235 1582 quod

212 1604 354 1694 „gratias
376 1628 466 1694 agas,
491 1608 517 1673 si
539 1606 638 1673 malui
662 1606 827 1694 compilari
850 1629 946 1693 quam
969 1608 1077 1672 venire
1100 1606 1165 1696 ⁴).”

254 1715 373 1783 Omnes
401 1717 472 1784 illos
500 1718 540 1785 de
570 1718 685 1805 quibus
713 1719 766 1807 egi
794 1718 901 1784 amieis
924 1718 1085 1784 communi
1107 1717 1235 1782 nomine

210 1828 345 1893 Romani
367 1829 529 1916 appellant
550 1830 717 1909 Fautores,
741 1829 900 1896 Fovitorea
922 1839 960 1895 ut
981 1852 1118 1895 errores
1139 1829 1187 1917 ὅ)ε

277 1939 428 2020 „Virtute
450 1940 570 2006 ambire
592 1950 717 2028 oportet
738 1962 803 2005 non
826 1940 1027 2020 favitoribus,

277 2050 360 2130 „Sat
377 2048 471 2115 habet
492 2030 662 2117 favitorum
686 2073 824 2137 semper,
849 2053 904 2137 qni
927 2061 1012 2117 recte
1034 2048 1143 2116 facit.”

210 2161 248 2225 ln
278 2158 409 2226 honesta
440 2162 589 2247 petitione
618 2163 681 2228 iam
704 2161 938 2248 aliquantulum
961 2159 1150 2228 accedebant
1170 2163 1233 2227 Ro-

209 2272 297 2339 mani
318 2270 359 2337 ad
381 2273 501 2340 crimen
521 2271 760 2353 sodaliciorum
785 2272 850 2339 dixi
872 2271 1124 2361 aliquantulum,
1149 2271 1235 2358 quod

210 2394 341 2472 apparet
358 2396 398 2451 ex'
416 2384 464 2451 hia
482 2384 585 2451 verbio
603 2385 642 2467 Q.
656 2385 762 2451 fratris
782 2385 810 2474 θ)
836 2385 915 2468 „fac
939 2396 976 2452 ut
990 2384 1085 2473 plane
1107 2385 1144 2450 iia
1165 2407 1233 2450 om·

210 2497 341 2579 „nibua,
366 2519 445 2584 quos
467 2496 627 2563 devinctos
648 2507 754 2585 teneo⁸
776 2496 967 2586 descriptum
990 2521 1028 2564 ao
1050 2496 1233 2584 dispositum

209 2629 330 2689 „suum
353 2609 468 2694 cuique
486 2631 603 2677 manus
624 2607 697 2676 ait.’'

684 2806 699 2887 ᾗ
725 2805 755 2870 2.

264 2971 317 3037 De
332 2971 482 3058 populati
502 2971 654 3037 volontate
676 2971 733 3036 eibi
753 2972 785 3037 io
805 2973 954 3057 petitione
976 2973 1175 3039 contineor.

253 3166 344 3248 Quae
373 3163 433 3229 hae
462 3163 642 3248 §tractabo
672 3164 809 3232 multum
836 3165 988 3233 differunt
1009 3166 1049 3233 ab
1071 3168 1125 3247 iis,
1150 3189 1231 3253 quae

209 3274 303 3342 modo
336 3275 429 3341 missa
458 3274 534 3355 feoi;
565 3298 641 3343 narn
670 3276 736 3343 illie
758 3275 797 3343 de
827 3278 968 3345 amicitiis
998 3278 1100 3369 deque
1122 3279 1232 3348 studiis

208 3388 271 3455 iam
293 3386 423 3477 paratis,
447 3385 499 3453 hio
521 3385 560 3452 de
582 3387 690 3455 studiis
711 3389 859 3476 parandis
881 3391 998 3480 agitur.

241 3666 262 3732 ¹)
279 3665 333 3718 Cre.
351 3682 376 3731 p.
394 3668 462 3719 Mur.
482 3671 512 3715 21
534 3668 549 3731 ς
567 3671 608 3717 45.

241 3749 262 3816 ²)
279 3751 361 3803 Gru„
376 3752 410 3802 N.
428 3752 464 3802 A.
482 3752 531 3803 IV.
547 3756 572 3802 8.

239 3832 262 3901 ὃ)
278 3835 333 3886 erc.
351 3837 376 3885 a
393 3834 464 3887 One
481 3836 518 3885 11„
537 3839 570 3885 oo
590 3838 605 3900 ς
623 3840 682 3888 eoa.

240 3920 261 3981 ¹¹)
278 3920 317 3971 Cf.
334 3932 436 3976 oonecr.
453 3919 476 3968 L
494 3918 525 3970 Ο.
544 3919 607 3970 XII.
627 3925 637 3970 l
660 3923 675 3986 5
692 3926 733 3972 43.
749 3921 835 3989 (etiam
851 3937 891 3989 op.
906 3934 956 3975 cic.
974 3924 1006 3974 de
1024 3920 1148 3989 Oratore.)

239 4001 260 4067 ⁵)
277 4004 402 4067 Prologus
417 4002 618 4068 Amphitryonis.

241 4087 261 4155 ἢ)
278 4089 311 4151 Q.
330 4089 359 4139 fr.
377 4090 409 4141 do
426 4096 475 4154 pet.
490 4103 558 4141 oona.
577 4093 592 4139 5
612 4092 627 4153 ξ
646 4096 686 4142 20.
779 4142 783 4151 ,
