2910 4950
765 381 830 465 roa

329 609 386 677 lll.
422 609 456 675 P.
481 628 632 673 annurms
656 628 822 671 numanus.

329 722 420 803 Quae
442 719 561 807 profuit
582 742 717 786 summm
738 739 864 784 roman
882 719 1082 805 impotentia,
1103 716 1188 786 huuc
1206 721 1311 807 perdi·

284 831 339 898 dit.
384 832 435 898 Ad
469 856 571 898 uuum
600 855 709 899 omnes
738 832 919 918 scriptores,
952 832 1007 917 qui
1037 831 1076 896 de
1106 831 1166 897 hoc
1195 833 1311 900 iudicio

283 954 385 1033 agunt
418 944 624 1033 indignantur
657 967 787 1012 rourum
821 943 1124 1030 facinus—imprimis
1157 967 1311 1011 vacamus

284 1081 442 1136 mmm,
470 1058 496 1146 ¹)
531 1059 586 1144 qui
616 1057 655 1123 de
685 1080 740 1124 eo:
773 1078 849 1139 „cn
881 1065 987 1122 autem
1017 1078 1185 1136 acuamus,
1211 1080 1308 1144 quam

283 1169 495 1254 „insolenter;
517 1171 571 1255 qui
589 1168 703 1236 balneo
721 1191 867 1258 egressus
885 1179 958 1233 ante
976 1167 1070 1254 pedes
1085 1191 1158 1233 suos
1173 1182 1312 1255 prostra-

283 1292 378 1366 „tum
401 1304 566 1349 nrrsnron
588 1282 726 1347 ambitus
747 1303 840 1346 reum
862 1290 894 1346 et
915 1280 1054 1346 nobilem
1076 1282 1182 1346 virum
1205 1290 1236 1347 et
1254 1281 1313 1348 sibi

283 1396 447 1478 „amicum
474 1396 628 1460 iacentem
657 1394 786 1481 reliquit
822 1393 1049 1460 contumeliosa
1082 1414 1160 1460 voce
1182 1394 1311 1481 procul·
1401 1426 1406 1432 ·

208 1554 211 1558 «
284 1518 432 1591 „catum:
456 1508 558 1591 „nihil
579 1507 663 1573 enim
687 1529 755 1574 eum
773 1527 866 1592 opere
883 1529 976 1593 quam
993 1517 1026 1570 ut
1044 1506 1209 1573 cenuvium
1225 1530 1312 1572 auum

284 1617 571 1703 „„mororetur.’''’
586 1619 614 1708 ²)
663 1621 834 1684 Hrrsasun
865 1617 1051 1683 damnatum
1075 1640 1157 1698 esse,
1180 1641 1245 1684 non
1264 1629 1312 1686 est

282 1730 369 1818 quod
389 1730 512 1796 addam.
560 1732 639 1813 Quis
661 1752 737 1797 vero
759 1753 833 1796 enm
855 1729 1077 1817 postulaverit,
1101 1731 1215 1798 nescio.
1234 1733 1264 1820 ³)

327 1841 383 1911 Ν.
418 1844 646 1921 u.cn,n1us,

283 1976 324 2020 ex
356 1953 484 2040 repulsa
513 1955 690 2041 postulatus
719 1976 739 2019 a
769 1953 893 2020 duobus
922 1978 1055 2023 carnus.
1090 1954 1117 2043 ⁴)
1177 1955 1332 2021 Causam·

283 2064 362 2133 dixit
383 2066 492 2132 eodem
516 2089 601 2132 anuo
623 2090 688 2154 quo
710 2088 847 2133 suavius.
895 2069 975 2131 Eum
995 2089 1034 2132 ex
1053 2065 1180 2153 repulsa
1199 2089 1312 2132 consu-

284 2179 367 2245 latus
396 2180 530 2266 petitum
561 2202 627 2245 esse
657 2176 729 2244 iude
761 2178 912 2259 conficio,
945 2178 1030 2266 quod
1060 2201 1089 2244 a.
1121 2202 1153 2245 u.
1185 2201 1212 2245 c.
1245 2181 1309 2244 697

284 2313 314 2359 a.
341 2293 374 2358 C.
400 2293 442 2357 57
466 2302 594 2379 praetor
615 2300 710 2369 esset,
736 2313 836 2376 quum
858 2291 898 2356 de
920 2312 1088 2356 nicanorus
1110 2289 1214 2355 reditu
1236 2312 1311 2379 age·

284 2403 388 2471 batur.
415 2406 443 2488 ὅ)
489 2405 558 2468 Non
578 2401 787 2469 dubitandum
805 2414 851 2469 cst
869 2404 951 2468 inter
968 2403 1047 2469 duos
1065 2403 1158 2470 hosce
1177 2426 1311 2470 asturus

284 2513 379 2580 fuisse
413 2536 444 2590 o.
480 2535 637 2592 canutum,
674 2535 770 2598 quem
801 2535 945 2579 camuros
974 2523 1067 2578 antea
1096 2525 1307 2581 accusaverat.

284 2623 455 2690 Absolutus
477 2635 539 2705 est,
563 2648 638 2690 nam
661 2624 771 2711 paullo
792 2635 865 2690 aute
888 2626 1012 2690 initium
1032 2625 1106 2691 belli
1125 2625 1222 2691 civilis
1240 2648 1309 2690 sen·

284 2738 415 2804 tentiam
437 2737 516 2804 dixit
538 2740 570 2803 in
593 2735 714 2803 senatu.
742 2739 771 2826 θ)
817 2738 887 2823 Ipsa
910 2760 968 2824 pro
992 2761 1024 2803 se
1053 2737 1132 2803 dixit
1149 2748 1186 2802 ut
1205 2737 1312 2803 scribit

285 2873 432 2917 coruus:
466 2850 494 2939 ⁷)
527 2871 696 2932 „canimus
725 2850 757 2915 in
780 2849 960 2915 defensione
983 2873 1041 2916 sua
1063 2850 1124 2917 fuit
1145 2850 1311 2916 disertissi-

285 2984 398 3046 „mum
439 2963 471 3027 in
505 2963 704 3028 accusatione
738 2983 795 3026 sua
829 2960 995 3049 frigidus.”
1054 2963 1103 3029 ld
1137 2983 1309 3048 quamnam

285 3075 517 3141 accusationem
536 3074 614 3141 haec
639 3073 752 3139 ultima
772 3074 963 3159 pertineant,
984 3074 1099 3140 nescio.
1135 3076 1214 3139 Nam
1235 3074 1310 3139 ridi·

286 3187 396 3254 culum
424 3197 470 3253 est
498 3187 553 3252 illa
576 3210 663 3252 vocc.
688 3185 807 3252 referre
831 3184 870 3250 ad
894 3187 1126 3251 accusationem
1150 3185 1310 3272 quandam

286 3324 424 3378 carran,
449 3322 549 3386 quum
572 3300 661 3387 petiit
682 3323 712 3376 o.
738 3321 895 3380 carnium
921 3297 998 3365 haec
1021 3299 1105 3366 enim
1128 3321 1222 3365 causa
1240 3306 1312 3364 acta

320 3498 341 3562 ¹)
358 3503 429 3553 Vsu.
447 3517 515 3552 max.
533 3503 583 3553 ΙΧ.
603 3509 617 3552 5
635 3504 649 3569 t
665 3511 690 3555 8.

320 3582 341 3650 ²)
358 3587 432 3637 Idem
449 3595 534 3638 narrat
551 3603 627 3639 auur.
646 3590 735 3655 Pomp.
755 3595 787 3640 55
805 3591 906 3656 aliique.

320 3668 341 3737 ὅ)
359 3672 398 3724 ct
415 3674 447 3724 ds
464 3674 543 3723 tribus
559 3675 627 3727 hisce
644 3677 918 3744 caussaedictionibm
937 3688 1131 3727 urnnuaronau
1154 3672 1212 3725 Life
1233 3672 1263 3722 ol
1276 3685 1312 3722 cr·

286 3769 355 3807 caao
372 3757 394 3806 1.
412 3772 437 3822 p.
456 3763 602 3809 saa-las.

321 3838 342 3906 ⁴)
359 3840 415 3892 Crc.
432 3843 465 3892 ad
482 3843 554 3893 Fam.
573 3846 651 3896 VIII.
671 3853 695 3897 4.

322 3921 342 3991 ⁵)
360 3924 415 3976 (310.
433 3942 457 3990 p.
475 3929 527 3978 red.
547 3930 573 3978 in
591 3929 651 3979 San.
668 3935 683 3979 9
702 3930 715 3996 ᾗ
733 3936 774 3980 22.

321 4007 342 4073 ⁶)
359 4008 438 4060 (ltus.
457 4011 527 4062 B.C.
545 4014 567 4062 Ι.
588 4018 602 4061 2
621 4029 655 4063 m.

322 4091 345 4160 ⁷)
361 4094 416 4147 th.
434 4097 466 4146 aa
483 4096 555 4147 ram.
572 4099 650 4150 vnr
669 4103 693 4148 a.
709 4099 726 4148 f.
