2910 4950
693 406 761 519 llll

212 615 280 682 bitu
314 635 378 678 non
413 612 500 699 prius
529 610 664 689 diceret,
697 633 793 697 quam
822 611 862 678 de
890 614 921 678 vi
950 626 1029 681 esset
1054 615 1241 701 perfectum.

213 727 309 793 Cuius
331 724 470 792 criminis
489 746 563 790 cum
586 725 748 790 convictus
770 724 867 791 fuerit
888 727 1025 792 maxime
1041 751 1137 815 opera
1158 753 1244 795 amu

214 862 345 907 casuum
367 859 500 902 aaronis
523 837 548 924 1)
570 848 696 923 postero
712 836 762 902 die
780 861 854 904 rcus
872 839 1009 905 ambitus
1034 840 1136 906 factus
1158 841 1244 927 apud

211 976 246 1019 u.
265 973 478 1028 concussura,
502 947 613 1013 absens
636 948 804 1015 damnatus
827 960 883 1017 est.
909 951 936 1040 2)

253 1063 295 1129 Π.
330 1063 557 1144 Quaternos
583 1085 741 1129 massanus
762 1086 834 1131 ,utus
862 1085 979 1143 ocimo,

212 1197 340 1241 nouerit
362 1197 468 1255 socer;
494 1175 520 1239 is
542 1175 626 1239 euim
650 1198 800 1242 scuuorus
822 1175 919 1242 filiam
943 1199 971 1243 ιν.
996 1175 1243 1241 cnsss1trium-

209 1288 271 1354 viri
295 1288 352 1354 filii
381 1287 509 1352 viduam
540 1309 672 1353 uxorem
707 1288 798 1354 duxit
820 1299 889 1375 post
912 1312 1018 1355 ionias
1040 1298 1186 1355 mortem.
1212 1288 1240 1378 8)

210 1398 385 1465 Accusatus
397 1409 443 1464 est
454 1399 493 1464 dc
505 1399 626 1464 ambitu
644 1400 775 1466 consula
789 1421 926 1466 nonnata
942 1425 979 1467 111
995 1423 1024 1469 a.
1044 1423 1074 1468 c.
1095 1422 1241 1482 usun103

211 1510 266 1577 sed
293 1511 421 1578 frustra.
468 1512 628 1577 Pourmus
649 1512 734 1578 euim
760 1535 818 1599 pro
843 1536 899 1579 reo
926 1513 1104 1592 laborabat,
1125 1524 1243 1580 vestem

211 1623 368 1702 mutabat,
387 1646 406 1688 a
425 1622 579 1689 iudicibus
597 1646 689 1689 reum
707 1624 952 1711 deprecabatur,
975 1627 1018 1691 ita
1037 1636 1073 1690 ut
1090 1625 1243 1692 iudicium

211 1734 251 1800 dc
281 1760 319 1801 eo
341 1735 484 1800 habitum
507 1759 572 1802 non
598 1737 646 1804 sit.
671 1735 698 1825 4)
747 1739 909 1806 Vaasnrus
932 1760 1074 1803 unximus
1096 1739 1141 1802 sic
1163 1737 1243 1803 scri-

208 1844 270 1910 bit:
297 1848 323 1932 ῠ)
362 1871 414 1928 „n
447 1870 614 1913 scutorum
644 1870 788 1912 socerum
819 1872 933 1927 suum,
965 1849 1243 1935 legibusnoxium

211 1977 316 2041 „quas
345 1958 410 2042 ipse
436 1957 570 2037 tulerat,
594 1959 627 2023 in
650 1959 789 2024 maxima
813 1959 941 2044 quidem
966 1982 1075 2025 rerum
1098 1971 1131 2024 et
1152 1958 1243 2024 illus·

211 2069 334 2152 „trium
357 2069 450 2134 ruina
475 2071 615 2135 muneris
638 2069 708 2135 loco
728 2093 746 2136 a
763 2070 920 2136 iudicibus
939 2070 1122 2156 deposcere,
1148 2071 1242 2136 mari-

211 2179 307 2261 „talis
337 2180 409 2246 lecti
435 2181 592 2247 blanditiis
614 2192 729 2248 statum
760 2183 849 2268 Reip.
875 2181 1101 2249 moderando.''
1149 2185 1243 2248 Hunc

208 2314 355 2358 socerum
385 2317 537 2360 uouemus
566 2293 640 2361 Kal.
674 2297 759 2362 Sext.
792 2293 948 2383 collegam
970 2294 997 2383 ⁶)
1030 2295 1088 2361 sibi
1114 2294 1244 2361 adscivit

209 2403 244 2468 in
276 2404 454 2473 consulatu.
501 2405 596 2488 Quod
622 2407 648 2471 si
679 2417 862 2493 reputemus
892 2405 1051 2493 quomodo
1077 2428 1151 2472 suas
1177 2408 1243 2493 ipsc

213 2516 388 2585 observarit
416 2519 503 2607 leges
524 2542 676 2586 acuamus
699 2543 764 2586 non
787 2531 833 2587 est
856 2519 941 2606 quod
964 2520 1118 2587 miremur
1140 2542 1242 2585 vair-

208 2650 292 2693 sruu
325 2652 476 2695 uaxruou
511 2628 599 2715 loqui
633 2628 672 2694 de
705 2629 791 2695 illius
820 2630 967 2716 superbia
996 2641 1029 2696 et
1058 2631 1243 2717 impotentia

210 2759 417 2824 necnonque
455 2761 529 2802 eum
569 2738 689 2803 dicere:
733 2761 890 2821 „suarum
928 2741 1038 2829 legum
1077 2751 1241 2809 auctorem

210 2849 373 2933 „eundem
396 2860 427 2915 et
449 2849 703 2917 subversorem.’'
730 2850 758 2938 7)

246 3086 266 3149 ¹)
285 3088 349 3140 Asc.
367 3105 391 3154 p.
410 3103 454 3141 on.
473 3095 515 3141 54.
533 3092 593 3142 coll.
610 3107 635 3158 p.
654 3097 696 3144 40.

243 3171 264 3239 ἲ)
282 3174 373 3225 Dnuu.
391 3176 413 3225 1.
432 3191 457 3241 p.
476 3181 508 3227 47
527 3192 582 3244 sqq.

244 3254 264 3321 ⁵)
282 3259 363 3310 Pana.
381 3258 471 3325 Pomp.
492 3265 532 3311 55.
551 3276 598 3313 ruo
616 3273 719 3312 cassius
735 3261 794 3312 XL.
813 3266 856 3312 ot.

243 3340 531 3409 ⁴)DiocassmsXL.
552 3346 962 3399 ⁵3.f.n1›1›.13.c.11.24.t.

243 3426 262 3491 5)
281 3431 351 3480 Vnt..
369 3445 437 3480 smx.
456 3431 506 3481 IX.
523 3435 537 3480 5
558 3432 573 3494 ξ
592 3437 616 3480 3.
635 3431 652 3480 f.
688 3431 815 3482 Potuissct
833 3432 924 3498 uliquis
942 3434 969 3483 in
987 3435 1101 3486 animum
1120 3436 1239 3488 inducere

208 3527 361 3578 praenomen
380 3514 465 3564 Publii
483 3532 533 3566 non
551 3517 686 3566 convenire
704 3517 785 3566 eidem
803 3517 914 3577 homini,
931 3533 1008 3583 quem
1023 3534 1099 3583 supra
1112 3518 1239 3575 (luiturum

210 3599 346 3649 nominavi.
381 3599 454 3660 Qtiaa
472 3615 512 3650 res
529 3608 615 3651 tamen
631 3599 696 3649 mihi
714 3601 749 3650 ita
766 3600 865 3650 videtur
883 3602 1078 3665 interpretanda.
1114 3604 1177 3653 Erat
1194 3604 1238 3654 ille

211 3700 236 3736 r.
255 3700 332 3736 cons.
350 3698 446 3743 scisso,
464 3685 508 3748 qui
532 3684 662 3748 adoptatus
684 3697 701 3732 a
723 3697 747 3740 o.
766 3696 906 3742 urrato,
923 3683 998 3733 huius
1016 3698 1109 3734 nomen
1127 3692 1153 3735 et
1169 3700 1238 3748 prac-

208 3786 299 3821 nomen
324 3770 370 3819 sibi
390 3769 533 3831 adsumpsit.
569 3769 598 3817 Si
620 3768 677 3832 quis
699 3781 759 3816 roro
785 3781 843 3815 eum
865 3767 932 3817 dicat
951 3780 1094 3818 sermonen
1118 3768 1158 3832 [ut
1174 3783 1236 3820 vsa.

208 3870 275 3904 unx.
294 3856 319 3904 h.
338 3854 369 3918 l.]
394 3866 494 3902 neccsse
517 3858 555 3901 est
572 3860 600 3901 ut
617 3864 771 3915 praenomen
790 3850 895 3899 addatur
913 3848 1005 3902 Publii.
1041 3852 1109 3905 Vide
1129 3866 1238 3905 ousuau

209 3937 324 3987 Stemma
341 3948 481 3986 semionuu
501 3932 593 3984 Onam.
612 3934 681 3983 Tull.
699 3934 750 3982 111.
768 3947 793 3996 p.
816 3936 872 3982 184.
891 3933 936 3984 ult.

247 4018 267 4084 ὅ)
285 4022 367 4071 Pras.
384 4020 473 4083 Pomp.
492 4005 534 4068 5'5.
552 4018 569 4067 f.
607 4019 675 4069 Aer.
693 4019 725 4068 Β.
735 4015 763 4069 C.
781 4017 818 4067 ΙΙ.
838 4021 880 4067 25.

246 4103 266 4169 7)
284 4106 350 4156 Tac.
370 4106 440 4155 Anu.
459 4104 510 4154 111.
532 4107 573 4152 28.
