2910 4950
619 484 680 549 tol

57 772 60 777 Δ
135 687 305 754 affluebant
327 688 441 754 divitiis
464 696 495 754 et
517 689 603 774 turpi
624 687 775 755 mollitiae
801 688 896 756 dediti
917 702 1009 757 erant
1031 692 1075 779 ¹);
1101 716 1163 780 po-

136 799 264 887 pulares
294 811 405 865 eontra
434 823 522 865 aeres
552 811 642 865 erant
668 800 748 866 duce
771 825 926 881 caesana,
955 803 1099 868 homines
1121 803 1163 870 ud

136 913 296 1002 agendum
319 914 437 998 parati,
469 915 523 998 qui
546 911 577 978 id
600 914 657 978 sibi
680 916 844 1001 acquirere
870 915 1035 982 studebant
1060 917 1162 982 omni-

135 1025 194 1091 bus
216 1025 332 1103 modis,
363 1024 448 1110 quod
471 1027 627 1113 principes
650 1027 723 1091 istos
746 1039 932 1116 corruperat
953 1039 985 1093 et
1007 1029 1161 1094 effimina-

135 1149 234 1204 verat.
281 1140 332 1204 Sic
354 1161 473 1204 cressa
497 1138 572 1204 adiit
595 1140 811 1219 consulatum,
837 1164 931 1226 quem
955 1141 1039 1226 turpi
1064 1141 1161 1229 lurgi-

124 1250 220 1330 ,tione
253 1259 286 1314 ct
319 1250 453 1315 coitione
489 1274 563 1316 cum
595 1274 728 1318 runcum
763 1263 874 1317 nactus
907 1261 961 1317 est.
1016 1251 1163 1330 Clamant

134 1383 243 1425 omnes
265 1360 331 1426 fere
353 1363 519 1447 scriptores
541 1361 579 1427 de
602 1362 722 1427 ambitu
748 1384 897 1428 caesaris
923 1375 956 1429 et
977 1365 1160 1449 competito-

134 1466 222 1552 rum;
247 1482 335 1537 tanta
357 1472 524 1561 largitione
547 1496 596 1539 res
619 1474 790 1561 agebatur,
814 1485 851 1540 ut
873 1498 913 1542 ne
929 1496 1013 1541 caro
1033 1473 1161 1560 quidem

134 1583 294 1664 abnuerit,
323 1587 490 1670 pecuniam
514 1582 606 1666 dare,
638 1597 809 1652 atemere
832 1588 1073 1676 suffragaretur.
1120 1587 1163 1651 At

134 1695 211 1781 quid
233 1695 382 1782 proderat
403 1720 541 1763 urrunnu
564 1719 672 1763 creare
695 1698 876 1777 consulem,
900 1700 955 1784 qui
979 1722 1080 1784 aeque
1097 1699 1161 1763 mi-

134 1829 195 1872 nus
216 1830 254 1873 ac
278 1808 373 1873 ceteri
396 1812 577 1895 optimates,
602 1821 725 1896 poterat
743 1833 876 1876 enesim
899 1812 1064 1878 resistere?
1099 1811 1161 1875 Gu-

133 1918 183 1983 ius
212 1940 346 1997 nomen,
381 1920 406 1984 si
437 1918 476 1984 de
501 1920 682 1986 consulibus
711 1919 805 1984 huius
831 1920 905 1983 anni
932 1918 1161 2005 loquebantur,

134 2051 175 2094 ne
191 2028 414 2094 nominabatur
430 2029 570 2116 quidem;
589 2055 663 2096 nam
681 2031 781 2119 vulgo
797 2030 979 2097 serebantur
995 2031 1028 2096 hi
1040 2054 1160 2099 versus:

134 2185 227 2245 „non
251 2184 380 2240 eterno,
406 2163 578 2249 quidquam
602 2188 705 2252 nuper
728 2164 782 2230 sed
802 2187 941 2230 caesena
964 2165 1162 2247 factumest,

202 2297 304 2357 „nam
327 2297 441 2340 urnuuo
463 2275 531 2342 fieri
554 2277 683 2343 consule
706 2277 753 2343 nil
776 2275 938 2343 memini.”
1012 2275 1017 2286 '

178 2418 217 2480 Et
245 2417 392 2482 nonnulli
423 2418 636 2498 urbanorum,
669 2443 769 2505 quum
798 2417 873 2506 qnid
903 2440 960 2505 per
986 2419 1090 2484 iocum
1114 2433 1160 2485 te·

133 2525 235 2592 standi
261 2531 364 2616 gratia
393 2529 606 2618 significarent
639 2555 704 2597 non
736 2554 873 2598 caessnn
903 2541 934 2595 et
964 2554 1077 2598 nreuuo
1107 2530 1161 2598 sed

133 2660 221 2702 rutro
245 2648 276 2702 et
299 2661 438 2704 caesana
457 2663 533 2706 coss.
557 2651 664 2708 actum
683 2640 862 2707 scribebant
874 2642 915 2730 ²).
948 2645 1036 2708 Unus
1055 2644 1162 2711 omnia

132 2747 165 2812 in
178 2771 244 2832 rep.
254 2747 494 2829 administravit,
504 2749 598 2837 idque
610 2752 648 2817 ed
663 2752 829 2817 arbitrium
840 2775 948 2832 suum;
963 2777 1091 2820 crannus
1103 2777 1161 2842 per

133 2881 193 2925 vm
206 2882 344 2938 menses,
365 2863 488 2947 copiam
500 2865 549 2927 sui
562 2885 625 2928 non
638 2863 728 2944 fecit,
748 2863 852 2928 noluit
863 2864 946 2937 enim
959 2865 1065 2932 iurare
1079 2867 1105 2957 ³)
1128 2869 1161 2934 in

137 3002 353 3014 —n——-

167 3076 187 3139 ¹)
204 3079 335 3143 Principes
360 3077 518 3142 optimatium
545 3085 617 3129 erant
644 3093 674 3128 ec
700 3085 828 3143 tempore:
858 3091 971 3130 brennus
995 3083 1094 3142 consul,
1120 3083 1162 3135 hie

130 3172 216 3214 autem
241 3165 326 3214 edictis
350 3164 415 3213 nihil
438 3164 519 3228 potnit
542 3165 685 3228 probibere:
710 3179 821 3214 amaru
844 3172 929 3215 entem
948 3167 996 3216 ieta
1013 3168 1161 3230 magnitudo

132 3249 232 3299 nanimi
256 3250 282 3297 in
302 3249 459 3298 comitiorum
477 3249 597 3298 diletione
614 3250 674 3312 quid
691 3248 782 3309 habet,
806 3249 855 3299 nisi
872 3250 949 3313 ipsius
967 3251 1088 3301 indidem
1104 3253 1159 3303 sine

132 3333 205 3382 uuila
219 3334 372 3383 correctione
385 3333 483 3397 reip.t”
501 3346 551 3383 cre.
565 3333 598 3383 ud
612 3334 668 3383 Att.
684 3335 720 3383 11.
734 3338 773 3383 15.
795 3334 951 3393 Lucerem,
965 3334 1028 3385 luxu
1037 3336 1159 3398 affluens,

128 3430 206 3480 quem
231 3417 307 3467 timui
329 3431 404 3479 agere
427 3417 520 3480 coepit,
543 3429 645 3466 camna
663 3418 741 3468 minis
763 3418 890 3468 detenuit.
926 3419 1004 3469 Snur.
1025 3418 1096 3471 Caes.
1116 3425 1158 3471 20.

129 3501 298 3551 Honrnnsms
323 3503 441 3564 grandior
467 3510 526 3551 natu
552 3502 658 3550 mollitie
685 3503 868 3566 requiescebat;
895 3519 946 3552 non
971 3505 1086 3568 amplius
1102 3521 1160 3557 oum

130 3586 233 3634 ambitio
258 3600 358 3635 morere
381 3594 485 3650 poterat.
522 3585 621 3636 Crcnno
645 3593 670 3636 ct
693 3599 760 3637 erro
782 3589 828 3636 soli
845 3602 879 3636 ex
896 3589 1057 3652 optimatibus
1074 3592 1160 3654 popuii

129 3669 211 3732 gratia
233 3668 369 3727 florebam
396 3671 439 3734 qni
462 3685 541 3733 quum
568 3677 682 3734 poterunt
705 3684 816 3720 enesim
840 3672 967 3723 adversari
985 3689 1000 3722 a
1017 3689 1069 3738 rep.
1089 3682 1160 3725 erunt

130 3754 320 3812 summovendi,
347 3755 415 3818 qnod
440 3770 484 3818 per
508 3769 627 3805 euomuit
654 3772 716 3805 mox
739 3757 765 3805 in
789 3764 895 3821 utroque
917 3757 1011 3807 fuctum
1029 3773 1083 3809 esre
1102 3776 1159 3810 con-

126 3845 193 3898 stat,
219 3852 311 3901 nempe
334 3853 400 3902 uque
426 3845 451 3887 et
473 3840 527 3902 igni
549 3841 723 3891 interdictione
738 3855 860 3892 crcraom
875 3851 899 3892 et
914 3844 1052 3895 honorifice
1068 3847 1162 3897 scilicet

129 3936 240 3973 cnroms
258 3923 397 3985 legatione,
416 3923 485 3972 missi
502 3924 529 3973 in
548 3924 668 3990 Cyprum
1054 3919 1056 3922 ⁴

165 4002 186 4066 ²)
207 4008 285 4058 Sum.
305 4007 376 4059 Caes.
396 4013 437 4058 2⁰.

165 4086 187 4153 ὅ)
206 4088 295 4139 Iurare
320 4090 344 4140 in
370 4091 440 4157 lepem
465 4093 562 4156 signifi:
590 4107 616 4144 se
642 4095 725 4160 legem
751 4104 837 4148 sancte
863 4105 1027 4150 servaturum.
1072 4098 1162 4153 Noitu't

130 4188 269 4225 narniens
281 4176 307 4226 id
323 4176 404 4228 iacere
422 4178 448 4227 in
463 4177 547 4242 legem
555 4192 694 4231 struantur
699 4203 706 4241 ;
721 4183 880 4246 postulabant
892 4184 957 4234 illud
970 4185 1037 4234 cives
1051 4184 1161 4234 seditiosi

962 4277 1001 4339 ll
