2910 4950
695 437 757 504 179

254 652 309 721 lv.
357 652 396 717 Μ.
420 670 568 715 uenimus
591 670 743 727 acaunus,

208 763 436 830 condemnatus
470 772 517 827 est
548 762 732 848 praesertim
767 782 863 847 opera
892 782 1031 826 nonnam.
1084 763 1125 826 Ut
1154 765 1239 827 enim

209 898 305 962 supra
324 876 387 941 dixi
404 873 568 939 aedilitatis
587 896 701 940 sunum
716 874 869 938 memoria
889 883 980 961 grata
995 882 1064 938 erat
1079 873 1163 959 apud
1183 896 1238 960 po-

209 986 324 1074 pulum
348 987 403 1072 qui
424 1009 521 1074 aegre
539 986 623 1051 illius
643 986 876 1052 damnationem
899 987 971 1051 tulit
986 986 1025 1076 ¹).
1073 987 1241 1052 Accusavit

209 1121 370 1165 cusanus.
411 1097 557 1162 Defendit
578 1120 651 1162 eum
676 1120 809 1178 emmo,
842 1098 897 1184 qui
920 1121 994 1163 mox
1017 1097 1152 1163 eundem
1172 1099 1240 1163 eri-

210 1212 280 1297 puit
312 1208 428 1274 iudicio
462 1208 501 1273 de
530 1209 710 1296 repetundis
730 1210 770 1298 ²).
827 1212 907 1275 Usus
937 1219 1004 1275 erat
1037 1232 1172 1276 acaunus
1205 1211 1238 1274 in

210 1346 248 1388 eo
270 1322 387 1389 iudicio
406 1346 439 1387 vi
458 1323 612 1407 patronis,
637 1345 710 1386 cum
731 1320 771 1386 ad
790 1320 821 1386 id
841 1331 965 1407 tempus
981 1344 1055 1386 raro
1072 1323 1238 1407 quisquam

210 1435 356 1521 pluribus
385 1458 481 1521 quam
509 1458 541 1499 iv
571 1444 730 1513 uteretur3
768 1445 800 1499 at
830 1444 901 1519 post
925 1432 1007 1498 bella
1037 1434 1139 1499 civilia
1166 1442 1239 1498 ante

211 1546 316 1634 legem
339 1548 452 1612 luliam
476 1546 517 1612 ad
540 1569 588 1612 xn
610 1557 759 1633 patronos
781 1557 827 1612 est
845 1554 1033 1632 perventum
1050 1544 1089 1633 ³).
1126 1546 1241 1610 Scribit

214 1681 455 1735 Quincmusnus
485 1659 524 1724 de
556 1657 675 1745 duplici
704 1658 763 1723 hac
798 1681 963 1724 emmonis
992 1656 1171 1723 defensione
1191 1657 1239 1746 ⁴):

212 1771 323 1853 „idem
348 1794 465 1836 cicens
488 1793 546 1857 pro
569 1793 690 1836 suanno
714 1771 850 1836 ambitus
868 1795 940 1849 reo,
973 1794 1054 1858 quae
1078 1794 1171 1836 causa
1195 1779 1242 1836 est

212 1883 271 1965 „in
303 1883 535 1947 commentariis
569 1883 656 1969 (nam
680 1881 725 1945 bis
748 1880 883 1945 eundem
908 1880 1057 1967 defendit)
1085 1903 1240 1965 prosopo-

212 1993 329 2078 „poeia
351 1993 507 2077 loquentis
530 2014 588 2078 pro
609 2013 665 2056 reo
687 1992 804 2056 utitur:
834 2013 892 2077 pro
913 2029 959 2042 -
982 1990 1092 2055 eodem
1119 2013 1238 2056 acauno

212 2125 294 2186 „reo
317 2103 564 2189 repetundarum
589 2104 683 2167 etiam
704 2102 881 2188 Μηρὼθ*
917 2105 963 2166 Ex
981 2102 1012 2168 h.
1027 2103 1048 2168 l.
1069 2103 1242 2168 effecerunt

213 2216 273 2281 viri
295 2215 379 2281 docti
400 2215 426 2304 δ)
457 2216 502 2281 bis
527 2238 593 2280 esse
615 2237 761 2281 acaunum
789 2215 922 2301 petitum
950 2213 990 2279 de
1012 2213 1133 2280 ambitu
1156 2214 1241 2302 quod

212 2328 420 2393 confirmatur
442 2351 481 2392 ex
499 2351 604 2393 nutans
620 2328 769 2414 opinione
788 2326 858 2392 loco
878 2349 1004 2391 nectens
1024 2326 1064 2413 θ).
1097 2328 1240 2408 Primum

213 2438 375 2504 videamus
397 2439 436 2505 dc
460 2439 571 2505 ultimo
595 2441 681 2520 loc0;
707 2441 788 2505 sicut
806 2462 958 2517 scamus,
984 2440 1079 2503 etiam
1100 2462 1243 2505 nnunms

177 2630 183 2636 ι
213 2552 327 2638 petitus
358 2561 404 2616 est
433 2576 472 2616 ex
503 2552 573 2640 lege
604 2554 752 2639 Pompeia
779 2553 817 2618 de
841 2553 979 2631 ambitu,
1011 2551 1097 2639 quod
1121 2562 1242 2618 constat

213 2684 340 2727 annum
366 2663 543 2728 testimonio
568 2662 587 2730 l.
609 2663 631 2728 l.
682 2665 775 2728 Estne
809 2666 908 2751 igitur
943 2686 1084 2729 nennius
1115 2687 1241 2750 quoque

212 2771 259 2838 bis
282 2782 446 2837 nccusatus
469 2772 507 2836 de
531 2772 672 2837 ambitu?
719 2776 827 2860 Neque
854 2774 938 2860 quod
960 2799 1087 2840 ansanus
1106 2775 1180 2840 dicit
1201 2774 1241 2841 dc

211 2907 349 2963 scanno,
373 2907 448 2949 eum
474 2907 539 2949 esse
562 2894 745 2950 revocatum
766 2887 798 2949 in
821 2868 972 2950 iudicium
994 2887 1065 2974 lege
1088 2909 1138 2954 cn.
1160 2910 1240 2951 nou·

212 3021 276 3062 nan
299 2997 383 3083 apud
406 3019 565 3060 annianum
586 2995 712 3084 legitur.
765 2997 874 3084 [Error
890 2997 962 3061 inde
978 3009 1071 3062 natus
1091 3009 1136 3063 est
1155 2998 1241 3084 quod

212 3131 366 3185 scaenas,
399 3108 452 3193 qui
476 3107 564 3193 petiit
585 3106 785 3171 consulatum
810 3129 838 3173 a.
864 3130 895 3174 u.
914 3129 942 3175 c.
965 3108 1039 3173 700.
1072 3128 1101 3175 a.
1125 3108 1158 3173 C.
1184 3108 1238 3175 54.

211 3223 244 3286 in
265 3243 385 3285 annum
409 3229 608 3305 sequentem,
635 3241 707 3284 reus
730 3218 831 3285 factus
854 3230 900 3285 cst
923 3243 962 3284 cx
985 3220 1056 3308 lege
1076 3220 1238 3308 Pompeia,

212 3333 277 3401 lata
298 3356 328 3405 a.
341 3357 374 3401 u.
388 3357 414 3401 c.
431 3334 504 3400 702.
529 3354 557 3398 a.
572 3331 604 3399 C.
619 3330 679 3410 54,
709 3342 746 3398 ut
767 3332 830 3398 iam
854 3334 886 3398 in
910 3333 1055 3421 pluribus
1076 3333 1235 3421 vidimus]

249 3632 269 3697 ¹)
291 3634 353 3684 Asc.
372 3636 482 3685 adorat.
502 3652 525 3700 p.
544 3636 631 3687 Scaur.
649 3651 673 3699 p.
692 3650 734 3685 om
755 3640 796 3686 20·

231 3716 271 3783 >²t
290 3721 354 3769 Asc,
372 3721 404 3768 nd
421 3728 483 3769 orat.
502 3736 528 3784 p.
546 3721 633 3771 Scaur.
651 3736 675 3785 p.
695 3735 737 3770 oa.
759 3724 805 3780 18,
826 3725 865 3769 lu.

249 3794 351 3871 unse.
371 3805 431 3855 iau.
450 3820 474 3868 p.
493 3819 536 3854 oa.
556 3811 597 3855 20.

249 3890 270 3954 ¹⁸)
288 3891 398 3952 Qcmcn.
417 3891 438 3940 Ι.
449 3890 480 3941 0.
499 3892 547 3941 IV.
570 3897 591 3940 1.
612 3893 627 3955 ξ
645 3897 686 3941 69.

249 3970 270 4040 ⁸]
288 3990 313 4025 v.
331 3991 355 4025 c
372 3989 483 4024 asienus
497 3976 529 4025 ad
546 3986 596 4026 esc.
614 3977 646 4027 dc
664 3975 713 4029 Off.
732 3977 754 4027 1.
773 3981 806 4025 ³⁹
824 3974 837 4041 t
859 3979 914 4026 1³8.
933 3975 964 4026 cf.
983 3990 1008 4039 p.
1030 3980 1078 4026 128
1105 3975 1175 4029 Orat.
1191 3991 1240 4030 c1c.

216 4059 319 4122 Fragm.
339 4060 378 4109 ed
397 4074 494 4110 nemas.

250 4141 271 4210 u
290 4145 360 4194 aas.
379 4146 410 4195 B.
430 4145 458 4197 c.
477 4147 513 4196 11.
533 4151 579 4195 ss.
600 4151 640 4194 m.
672 4131 676 4143 '

1045 4235 1114 4300 12¹*
