2910 4950
757 378 799 443 36

270 585 371 667 „Nam
379 606 466 649 nunc
477 604 579 649 mores
591 583 680 649 nihili
688 583 822 663 sariunt,
836 583 1016 670 quodlicet,
1027 584 1086 649 nisi
1097 581 1292 670 quodlubet,

271 695 427 779 „ambitio
447 697 508 761 iam
533 719 621 763 more
643 706 795 775 sanctam,
820 695 947 761 liberast
969 718 988 760 a
1010 695 1141 783 legibus.

271 858 290 890 ,‚
299 820 387 873 scuta
405 809 506 873 iacere
530 807 705 895 fugereque
727 807 822 873 hostis
845 830 933 872 more
955 807 1072 872 habent
1094 808 1271 886 licentiam,

270 929 406 1005 „petere
425 919 578 983 honorem
599 941 658 1004 pro
679 919 798 1007 flagitio
822 941 910 984 more
932 918 976 985 tit.

271 1039 445 1111 „strenuos
466 1051 553 1094 nunc
576 1029 749 1114 praeterire
768 1051 856 1093 more
874 1027 918 1094 fit.

317 1185 458 1249 Meminit
479 1185 573 1250 etiam
599 1208 735 1250 maurus
758 1185 891 1252 alienius
915 1184 993 1275 legis
1016 1196 1125 1252 contra
1144 1185 1297 1252 ambitum

271 1294 353 1360 latae
374 1296 400 1383 ¹)
414 1319 422 1361 ε

343 1428 528 1515 „Sirempse
554 1428 621 1519 (ait)
643 1428 748 1517 legem
771 1428 859 1494 iussit
881 1450 946 1494 esse
968 1428 1127 1514 Iuppiter,

344 1541 461 1626 „quasi
484 1541 704 1628 magistratum
731 1539 825 1629 (quis)
851 1540 909 1605 sibi
932 1540 1062 1605 alterive
1084 1539 1248 1606 ambiverit

262 1708 265 1713 .
342 1652 487 1733 „virtute
509 1651 588 1716 dixit
609 1675 665 1717 vos
687 1651 820 1717 victores
843 1653 965 1730 vivere,

344 1786 436 1845 „non
460 1761 754 1850 ambitionemque
776 1763 906 1850 perfidia
929 1766 1119 1849 quominus

343 1873 481 1958 „eadem
502 1874 646 1940 histrioni
667 1876 707 1941 sit
728 1875 797 1956 lex,
825 1898 907 1962 quae
929 1899 1055 1941 summo
1077 1876 1179 1943 viro.’'

321 2031 368 2095 De
390 2028 451 2094 hac
477 2029 548 2118 lege
570 2039 674 2095 tamen
699 2029 744 2095 nil
768 2029 902 2117 amplius
925 2031 1031 2095 inveni
1039 2054 1047 2110 ;
1073 2031 1302 2116 pertinueritne

278 2141 317 2208 ad
351 2141 455 2230 legem
489 2141 659 2206 Poetelium
685 2151 721 2206 ut
744 2140 906 2206 nonnullis
936 2141 1075 2221 ridetur,
1104 2142 1232 2230 (iniuria
1255 2154 1303 2208 ta·

277 2276 351 2320 men
364 2253 391 2342 ²)
414 2253 474 2319 hoc
491 2252 657 2318 conficitur
675 2277 716 2318 ex
728 2253 831 2318 verbis
841 2254 988 2318 Liuianis:
1003 2276 1126 2338 „eaque
1138 2253 1304 2339 rogatione

277 2387 435 2431 novorum
465 2363 631 2429 hominum
662 2364 809 2453 maxime)
822 2364 842 2395 ''
872 2366 991 2445 nesci03
1024 2364 1078 2429 sed
1108 2364 1193 2451 quod
1216 2364 1304 2430 aliud

279 2499 338 2563 pro
360 2476 421 2541 hac
451 2477 598 2561 opinione
622 2476 755 2541 affertur
784 2487 1009 2565 argumentum
1033 2477 1161 2542 omnino
1187 2476 1304 2543 falsum

280 2587 421 2653 videtur:
447 2586 542 2669 „fieri
565 2609 653 2672 posse
676 2598 712 2652 ut
741 2588 793 2654 lox
822 2589 960 2655 Poetelio
990 2588 1083 2675 plura
1113 2590 1305 2655 continuerit

278 2700 411 2786 „capita
430 2699 579 2784 quoniam
590 2710 701 2764 ‘nrvrus
721 2700 884 2787 scripsit:”
901 2699 986 2787 quod
1003 2723 1043 2766 ex
1062 2702 1226 2789 rogatione
1244 2725 1304 2767 no-

279 2834 394 2880 vorum
424 2811 557 2876 manime
579 2810 744 2879 hominurn
767 2813 969 2879 ambitionem
991 2811 1273 2899 compresserant.''

324 2924 389 2991 Cur
419 2923 556 2989 maxime
592 2946 749 2991 novorum
782 2924 948 2992 hominum
983 2925 1185 2993 ambitionem
1212 2947 1303 2991 com-

279 3034 451 3124 presserint
471 3057 567 3122 supra
589 3033 664 3103 dixi.

756 3223 866 3329 aa,

603 3404 671 3472 Lea
696 3404 838 3474 Cornelia
860 3407 990 3474 Baebia.

608 3566 635 3602 Α.
653 3566 679 3602 u.
697 3565 721 3602 c.
740 3555 799 3602 573.
834 3566 860 3603 a.
879 3566 902 3602 c.
924 3556 981 3601 181.

328 3709 429 3773 Huius
463 3707 541 3794 legis
574 3708 692 3773 mentio
726 3707 761 3773 fit
794 3707 879 3796 apud
909 3731 1021 3774 nrvruu
1051 3707 1077 3796 ³)
1110 3708 1158 3774 his
1187 3706 1305 3776 verbis:

281 3952 286 3965 .
316 3909 336 3975 ¹)
355 3911 452 3961 Patiar.
471 3909 573 3974 Prolog.
592 3911 787 3976 Amphitryonis
804 3927 829 3961 a.
847 3914 878 3962 7³
897 3927 950 3978 sqq.

316 3993 336 4057 ²)
354 3998 511 4053 vesosis-o,
528 3994 595 4043 Dim.
615 3996 755 4057 inaug.11.
777 4011 800 4061 p.
821 4002 862 4046 20.
881 3997 1021 4047 Amstelod.
1044 4000 1117 4045 1842.

315 4078 335 4147 ⁵)
352 4082 410 4131 Lrv.
430 4079 487 4128 XL.
512 4083 541 4126 la
560 4079 576 4128 f.
