2910 4950
666 384 707 452 73

175 597 353 666 dubitanter
378 594 561 662 admodum.
608 595 683 660 Erat
709 617 804 660 usuri
826 576 1063 681 competitore.
1087 617 1196 663 cisor-

176 733 244 776 nrus
266 732 425 775 nrrnnnus
447 727 637 786 nunrnrcns,
669 728 764 792 quem
795 707 882 771 omni
910 707 1005 773 modo
1030 731 1048 773 e
1074 709 1198 774 civitate

175 820 287 886 tollere
321 818 484 906 cupiebat,
521 816 670 903 quodque
702 816 830 883 tandem
857 839 953 904 opera
976 839 1145 888 struimur
1167 828 1200 882 et

175 954 334 999 osaucrsr
368 932 397 996 ei
426 932 582 997 successit.
637 932 791 995 Rnrrurus
821 952 918 994 nurus
947 929 990 1011 ric
1020 931 1077 1008 μὲν
1108 929 1199 994 ἄλλα

174 1045 355 1126 φιλαλήθης
383 1043 458 1123 ἀνὴρ
484 1041 536 1108 καὶ
563 1042 701 1123 χρηστὸς
719 1041 794 1124 tate
818 1043 849 1107 n
868 1043 912 1123 τῷ
932 1041 1043 1124 Μαρίῳ
1069 1065 1201 1123 προσκε-

174 1156 304 1235 κρουκώς
342 1153 500 1242 (privatim
531 1153 708 1219 inimicitias
741 1154 883 1219 exercuit
912 1176 985 1220 cum
1017 1154 1131 1243 usuro)
1164 1161 1201 1218 nt

173 1266 282 1332 scribit
301 1264 438 1334 nun-l.
458 1265 481 1335 l.
510 1266 627 1345 irrepsi
648 1287 793 1343 usurus,
825 1274 863 1330 ut
884 1274 1011 1350 caperet
1032 1279 1101 1329 v1¹¹⁰
1126 1286 1201 1329 con·

173 1378 314 1444 sulatum
335 1377 471 1442 multam
487 1375 654 1462 pecuniam
670 1375 890 1462 pronuntiasse
908 1386 945 1441 ut
957 1398 1125 1440 uerrnnou
1142 1374 1201 1440 de-

174 1488 283 1553 iiceret
304 1488 426 1553 honore
448 1497 480 1551 et
502 1485 676 1574 collegam,
689 1486 741 1552 vel
764 1487 868 1573 potius
882 1485 1049 1568 asseclam,
1070 1487 1127 1553 sibi
1146 1486 1202 1553 ha-

175 1599 264 1664 beret
292 1619 456 1664 vamum
479 1618 636 1664 rnuccuu.
682 1598 870 1685 Ceteroquin
900 1598 1108 1664 dubitandum
1136 1621 1202 1665 non

174 1719 221 1776 eet
242 1708 281 1775 de
304 1711 491 1776 anctoritate
514 1730 651 1790 nnrrnrr,
676 1711 732 1795 qni
754 1733 794 1776 ex
816 1711 959 1776 omniurn
982 1713 1202 1776 Romanorum

174 1822 351 1888 testimonio
373 1822 453 1888 ulter
477 1829 546 1887 erat
566 1840 748 1901 sursrmrs,
772 1821 936 1909 exemplar
961 1823 1158 1888 innocentiae
1171 1821 1200 1910 1)

173 1933 284 2019 inique
316 1931 484 1999 damnatus
514 1932 554 1998 ab
584 1931 765 2018 Equitibus,
807 1955 946 2019 quorum
975 1931 1140 1998 fraudibus
1168 1933 1203 1999 in

174 2044 338 2130 provincia
361 2043 486 2109 obviam
515 2045 596 2109 ierat
619 2045 661 2132 ²).
708 2044 766 2110 Cui
795 2067 919 2110 norrun
946 2045 1123 2110 testimonio
1146 2065 1203 2110 ac-

175 2153 267 2220 cedat
290 2177 392 2222 nrvrns
415 2155 500 2220 testis
522 2177 587 2220 non
607 2153 818 2241 spernendus,
843 2156 899 2242 qui
920 2154 1027 2221 scribit
1046 2153 1073 2242 ³)
1099 2176 1202 2241 „pro-

174 2265 258 2331 fecto
273 2287 303 2335 o.
324 2288 443 2331 marus
461 2264 619 2331 seditionis
637 2276 762 2346 auctor,
787 2268 841 2353 qui
857 2277 981 2334 sextum
1001 2266 1200 2334 consulatum

174 2399 258 2465 „per
279 2378 380 2443 tribus
403 2399 511 2464 sparsa
533 2379 668 2464 pecunia
691 2377 844 2446 emerat”

224 2490 449 2559 Vehementius
489 2511 586 2576 quarn
613 2513 672 2578 par
701 2501 748 2557 est
775 2512 892 2559 sauros
910 2489 938 2579 ⁴)
979 2490 1139 2557 invehitur
1167 2491 1201 2557 in

175 2623 271 2668 narr
292 2601 514 2682 ambitionem,
538 2625 639 2688 quum
662 2602 785 2669 scribit:
821 2601 935 2686 „Quid
958 2611 994 2669 tu
1017 2624 1047 2670 c.
1072 2625 1202 2669 usurus

174 2713 297 2796 „semel
316 2713 479 2779 consulem
504 2713 619 2803 (unum
642 2716 727 2779 enirn
754 2714 954 2780 consulatum
977 2714 1114 2800 accepit,
1146 2736 1201 2779 ce-

175 2835 285 2909 „teros
306 2824 424 2912 rapuit)
449 2834 526 2906 „tot
543 2825 685 2910 pericula
707 2835 799 2911 putas
824 2825 976 2911 appetisse
1004 2826 1130 2891 virtutis
1148 2825 1202 2891 in-

176 2934 365 3020 „stinctui”
386 2944 458 3002 cett.
503 2934 553 2999 td
573 2957 668 3022 quern
691 2935 799 3001 locum
822 2957 937 3000 rrrsrus
958 2957 1032 3001 vere
1054 2946 1200 3003 annotat:

176 3047 348 3136 „profecto
377 3070 442 3113 non
470 3046 570 3112 videri
591 3048 617 3113 si
638 3046 717 3113 duos
739 3047 869 3113 ultimos
891 3046 1036 3132 excipias.
1079 3048 1203 3113 Priores

176 3162 286 3246 „enirn
308 3160 428 3226 absenti
450 3183 517 3226 esse
538 3159 690 3228 delatos.'’
737 3161 881 3226 Primum
903 3158 1103 3225 consulatum
1126 3181 1202 3225 eum

176 3273 330 3360 accepisse
364 3271 525 3338 nobilitate
558 3273 629 3338 fusa
657 3294 714 3359 per
747 3272 850 3361 legem
886 3270 1055 3338 Mamiliam
1084 3271 1203 3338 indicat

176 3406 358 3451 sununsrms
373 3384 413 3473 ὅ).
444 3384 529 3467 Quid
545 3407 582 3452 ea
601 3385 671 3474 lege
687 3394 817 3452 cautum
835 3384 932 3452 fuerit
951 3382 1034 3450 idem
1053 3382 1144 3451 docet
1155 3381 1201 3473 θ),

210 3649 232 3721 ¹)
250 3654 335 3705 Vm„
354 3667 413 3703 rar.
427 3654 465 3705 11.
487 3658 527 3704 lt.
545 3666 595 3705 mc.
610 3654 711 3718 passim.

211 3733 232 3803 ²)
249 3737 304 3790 cxc.
322 3738 349 3788 in
366 3738 439 3790 Caco.
457 3739 516 3791 Dis.
537 3741 567 3788 1⁷
587 3739 602 3802 5
620 3742 662 3790 57.
680 3751 719 3789 rs.
737 3749 793 3790 asc.
811 3751 835 3802 p.
854 3749 897 3787 os.
919 3738 978 3784 122.

213 3817 234 3887 ⁸)
250 3822 309 3872 Lrv.
325 3822 373 3887 Ep.
392 3825 434 3872 69.

212 3903 233 3973 ⁴)
251 3905 347 3957 smero.
365 3906 412 3970 Ep.
432 3910 473 3956 94.
491 3921 516 3971 p.
533 3919 599 3958 mro.
615 3909 673 3958 69⁷.
693 3922 716 3958 a

215 3988 234 4056 ⁵)
252 3991 332 4043 Sion
351 3991 417 4043 Bcll.
436 3992 492 4056 lug.
514 3995 555 4051 tt.

217 4074 238 4142 6)
254 4077 320 4127 niu
338 4093 360 4128 ο.
380 4083 420 4127 ro.
602 4071 606 4077 ·
