2910 4950
636 398 698 464 155

154 602 238 670 facto
268 601 457 668 accusatoris
485 608 522 665 ut
548 599 649 666 tribus
676 601 781 667 minus
804 623 920 688 aequus
941 601 1029 682 edat,
1054 626 1179 669 necesso

156 725 220 795 est,
250 715 379 801 opinor,
404 722 440 777 ut
462 713 546 799 ipsae
569 713 670 779 tribus
691 713 809 779 iudices
831 713 951 792 dicant,
971 725 1008 779 ut
1027 726 1073 780 est
1094 714 1181 802 apud

154 851 332 909 asuorruu3
368 826 394 913 ¹)
428 834 505 891 tuna
535 827 628 891 etiam
657 836 821 892 accusator
850 825 910 891 dici
941 836 1041 912 potest
1069 827 1181 892 iudices

154 940 334 1008 coutituere
351 948 383 1002 et
394 939 578 1023 praeteqere
596 939 708 1004 iudices
726 941 769 1003 od
786 961 872 1002 auam
886 940 1083 1016 volantatem,
1104 951 1182 1003 tune

156 1054 249 1117 otiam
274 1051 466 1117 conveniunt
483 1049 561 1116 haec
581 1074 654 1116 cum
674 1051 778 1116 verbis
795 1073 974 1117 crcuuonrs:
1001 1073 1081 1131 „eos
1099 1049 1181 1115 iudi·

155 1186 208 1229 ees
225 1186 291 1228 esse
309 1186 374 1228 non
394 1186 433 1228 ex
450 1164 572 1228 delectio
589 1161 770 1248 intuitum)
793 1160 847 1226 sed
866 1185 906 1226 ex
925 1163 1010 1226 omni
1027 1160 1180 1248 populo’',

87 1261 91 1266 ’
155 1285 233 1341 tuno
266 1276 360 1341 etiam
394 1274 529 1341 efficitur
563 1283 600 1338 ut
630 1274 668 1351 ii,
700 1273 755 1359 qui
785 1271 902 1337 iudices
933 1271 1054 1351 sedent,
1086 1271 1183 1337 simul

157 1396 249 1451 testes
269 1388 348 1462 sint,
376 1396 408 1450 ut
431 1387 474 1451 sio
497 1385 529 1451 in
553 1406 644 1449 reum
668 1383 902 1449 acerbissimum
928 1384 955 1472 ³)
982 1383 1183 1449 constituitur

155 1495 309 1563 iudicium
333 1496 375 1585 ⁴).
421 1497 531 1582 Neque
554 1495 656 1560 obstat
681 1495 755 1560 huic
775 1496 914 1580 opinioni
936 1495 1025 1560 locus
1049 1518 1182 1561 crunno·

156 1630 206 1673 rus
228 1607 255 1695 ⁶)
277 1608 434 1694 quisenta
453 1607 583 1672 omnino
601 1606 676 1674 facit
695 1617 1057 1686 contrauorruruurun,
1081 1608 1183 1693 specie

156 1741 215 1806 pro
243 1743 406 1788 wurouuo
436 1719 576 1805 aliisque.
597 1719 626 1807 1⁵)
677 1719 843 1784 Gorrama
869 1720 1062 1784 sortitionem
1090 1719 1183 1784 fuisse

154 1829 294 1896 habitam
324 1854 343 1897 a
370 1840 515 1917 praetore
543 1829 703 1897 contendit
734 1854 774 1895 ox
799 1830 871 1895 albo
893 1830 1033 1895 iudicum
1056 1829 1182 1895 ordina·

155 1943 277 2009 riorum
300 1943 351 2007 vel
370 1942 575 2023 selectorum
595 1942 622 2029 ⁷)
652 1941 737 2027 quod
757 1942 873 2007 idcirco
897 1943 1002 2006 minus
1021 1939 1183 2026 probabile

156 2052 233 2118 mihi
257 2051 396 2132 videtur,
421 2052 506 2138 quod
525 2052 619 2117 huius
642 2054 689 2117 rei
710 2052 801 2117 nulla
824 2053 942 2117 mentio
963 2051 1018 2116 fiat
1040 2072 1183 2138 praeser-

156 2165 213 2231 tim
243 2188 317 2230 cum
344 2163 420 2230 huic
442 2164 614 2230 sententiae
635 2165 730 2229 etiarn
753 2163 876 2228 obstent
898 2163 995 2229 verba
1017 2186 1183 2230 cruunours

156 2297 197 2340 ex
219 2274 398 2340 Planciano.
425 2273 452 2362 ⁸)

201 2389 307 2452 Poena
336 2410 376 2451 ex
402 2386 473 2474 lego
494 2385 612 2450 Licinia
637 2393 673 2450 ut
694 2385 778 2451 inter
800 2408 910 2452 omnes
932 2394 1053 2450 constat
1075 2395 1184 2451 aucto·

155 2521 224 2579 res,
257 2509 326 2564 erat
349 2499 492 2577 axilium,
518 2496 603 2586 quod
625 2507 737 2586 petunt
759 2521 799 2564 ex
822 2498 924 2564 verbis
947 2518 1126 2564 crcnuorus:
1153 2495 1180 2585 ⁹)

156 2634 268 2694 „nuuc
301 2610 479 2698 postulatur
508 2633 528 2676 a
554 2609 658 2690 vobis,
690 2621 726 2676 ut
753 2612 820 2676 eius
849 2612 957 2690 exitio,
982 2611 1037 2696 qui
1061 2619 1185 2676 creatus

146 2723 238 2805 'nsit’
262 2720 413 2788 iudicium
436 2723 471 2788 P.
495 2723 534 2788 tt.
558 2721 828 2808 reprehendatis.”
876 2722 919 2786 At
941 2731 978 2787 ut
999 2721 1077 2786 mihi
1098 2721 1184 2786 vide-

191 2980 211 3048 1)
229 2983 294 3033 Aac.
312 2997 353 3047 ap.
370 2995 414 3030 oa.
432 2995 457 3044 p.
473 2983 515 3030 79.

192 3064 212 3130 ²)
231 3068 248 3116 i.
259 3082 281 3117 o.
300 3082 334 3116 ox
352 3065 492 3130 Equitibus.
514 3076 563 3113 cro.
581 3078 605 3127 p.
624 3062 711 3113 Plano.
734 3065 764 3112 17
782 3062 796 3126 5
813 3068 855 3113 ⁴1.

192 3147 212 3209 ³)
229 3150 268 3202 Cf.
292 3152 319 3200 in
345 3149 471 3199 acerbiore
495 3147 586 3197 iudicio
613 3148 644 3197 do
665 3148 805 3213 quaesitore
828 3144 953 3210 suffragiis
980 3147 1067 3212 populi
1092 3156 1183 3201 creato.

157 3235 218 3287 Aac.
236 3253 260 3300 p.
279 3250 323 3285 ou.
342 3240 384 3283 39.

192 3319 213 3385 9)
229 3322 289 3371 Non
306 3321 381 3370 oredo
397 3326 464 3368 certo
483 3316 579 3367 futuros
595 3318 640 3382 qui
654 3318 739 3368 dicant
754 3317 815 3367 hauc
830 3317 916 3367 omnia
931 3317 1005 3366 etiam
1019 3332 1098 3382 unque
1112 3318 1184 3371 facila
1252 3344 1255 3349 ·

157 3408 269 3457 accidere
285 3421 356 3471 posse
374 3406 396 3455 si
415 3412 514 3469 praetor
531 3404 622 3453 habeat
639 3404 807 3463 sortitionem
824 3403 879 3452 fieri
897 3417 969 3467 posse
989 3419 1040 3453 non
1059 3419 1124 3469 nugo
1141 3408 1185 3456 ssu

158 3493 233 3557 plano
255 3493 409 3542 contrarium
428 3491 504 3540 utiam
526 3495 622 3554 poterut
640 3489 700 3539 iudo
717 3488 785 3539 nasci
805 3495 835 3538 ut
854 3488 948 3539 iudicas
963 3489 1077 3555 ploriquo
1095 3493 1184 3543 exiuta-

156 3585 214 3629 rent
232 3579 258 3627 iu
276 3592 331 3628 roos
351 3577 472 3626 mitiores.

192 3660 212 3727 ⁵)
231 3663 286 3714 Cre.
305 3679 329 3728 p.
347 3663 436 3713 Plano.
459 3665 488 3710 16
508 3661 521 3725 t
538 3665 581 3711 39.

192 3745 212 3812 6)
230 3747 266 3798 cf
279 3762 418 3797 uouusnn.
437 3762 479 3810 op.
495 3746 513 3795 l.
531 3761 555 3809 p.
576 3748 618 3794 ot.
948 3788 952 3796 ,

192 3833 213 3901 7)
229 3834 371 3884 Gbrrnmo.
386 3832 460 3880 Rom.
477 3830 542 3880 Stvt.
560 3845 584 3894 p.
595 3832 654 3879 491.
670 3845 695 3879 ιι.
705 3834 730 3880 ³.
749 3827 883 3879 assentitur
895 3838 1026 3877 rnnuarro
1038 3825 1061 3876 Ι.
1072 3829 1096 3875 5.
1105 3840 1130 3891 p.
1140 3831 1183 3876 21.

157 3934 265 3970 nuazu
282 3920 327 3969 lox
347 3916 456 3968 Servilia
473 3931 498 3979 p.
517 3920 564 3974 24,
583 3920 613 3963 31
635 3930 663 3965 s..

193 4003 213 4072 8)
231 4006 286 4055 Cic.
303 4020 327 4068 p.
342 4003 430 4053 Planc.
453 4004 482 4048 16
501 3999 514 4063 5
531 4004 564 4049 39
573 4033 580 4060 ,
599 4005 640 4050 40.

193 4088 214 4156 ι))
231 4089 286 4141 Cle.
305 4105 329 4154 p.
347 4088 434 4138 Plano.
454 4090 468 4133 3
488 4085 500 4148 11
516 4088 540 4134 5.
