2910 4950
783 378 850 443 204

306 579 456 671 [ambitus
477 590 509 645 et
531 580 712 668 maiestatis]
737 580 825 667 quod
842 592 913 647 tum
931 605 1098 649 ermom
1115 586 1329 657 testimoninm

302 692 324 759 l.
342 691 364 758 1.
388 691 505 758 indicat
533 703 602 757 tum
633 694 714 758 fasti
743 693 872 760 ConsuL
902 718 943 760 ex
964 695 1081 782 quibus
1101 711 1232 785 apparet
1253 724 1329 768 enm

301 824 436 869 censura
457 825 523 867 ease
546 801 692 869 functum
715 825 744 871 a.
771 827 804 870 ιι.
828 827 856 870 c.
883 807 958 872 704.
982 828 1011 874 a.
1036 807 1074 875 C.
1097 810 1153 876 50.

768 1007 784 1090 ι
810 1005 862 1072 13.

422 1160 477 1228 De
498 1161 614 1226 onaan
629 1173 703 1247 port
725 1163 823 1247 leqem
842 1160 1029 1249 Ponper'am
1051 1186 1144 1252 aepaoe
1166 1168 1211 1231 ad

630 1296 767 1339 nnausrr
782 1274 1004 1361 pompona

344 1473 462 1542 Eodem
495 1498 581 1541 anno
610 1498 676 1562 quo
706 1475 759 1542 lex
789 1477 939 1563 Pompeia
969 1475 1034 1541 lata
1063 1485 1126 1556 est,
1150 1477 1260 1544 sctum
1285 1490 1333 1544 ost

300 1586 420 1654 factum
451 1589 485 1653 in
519 1610 654 1656 oerosrs
686 1589 888 1666 sententiam,
924 1610 989 1675 quo
1024 1599 1168 1668 cautum,
1205 1601 1242 1655 ut
1275 1591 1331 1677 qui

298 1697 477 1766 honoresa
510 1700 629 1787 populo
658 1699 822 1785 petebant,
855 1700 913 1785 ipsi
944 1712 1147 1786 prensarent,
1177 1724 1242 1768 non
1271 1724 1331 1788 per

299 1809 379 1875 alios
405 1822 548 1896 peterent
577 1812 615 1875 δι’
641 1810 744 1890 ἑτέρου
768 1810 800 1873 δὲ
823 1811 868 1888 μὴ
900 1811 1030 1877 effatae.
1050 1811 1077 1899 1)
1114 1812 1218 1899 Aegre
1235 1811 1330 1899 'plebs

300 1921 403 1989 fertur
430 1921 491 1988 hoc
517 1924 628 1988 Sctnm
651 1921 774 1999 tulisse,
795 1920 885 1986 euius
907 1923 954 1986 rei
976 1945 1181 1990 murmanus
1197 1924 1331 1991 eandem

299 2035 455 2100 rationem
476 2035 570 2100 affert
591 2056 687 2120 quam
707 2055 824 2099 cronno
843 2032 975 2098 adduxit
993 2020 1115 2121 aliquot
1131 2037 1223 2102 annis
1239 2047 1332 2104 antea

301 2157 412 2212 contra
441 2146 577 2213 eundem
608 2169 758 2214 cenom
785 2147 818 2211 in
842 2144 953 2211 eodem
977 2145 1043 2210 fere
1066 2158 1273 2234 argument03
1299 2148 1327 2237 ²)

300 2277 397 2345 aegre
420 2256 504 2321 enim
527 2255 601 2320 tulit
622 2255 724 2343 plebs,
749 2254 835 2340 quod
858 2277 960 2341 quum
980 2258 1148 2342 pecuniam
1171 2280 1236 2323 non
1262 2281 1330 2325 am-

300 2367 384 2456 plius
414 2390 474 2454 pro
503 2369 730 2456 suffragatione
760 2368 919 2453 acceperit
948 2368 1000 2431 καὶ
1033 2369 1068 2432 τὸ
1100 2367 1213 2434 διδόναι
1236 2369 1332 2450 χάριν

301 2479 360 2544 sibi
381 2502 447 2544 esse
470 2478 643 2545 ademtam.
688 2480 794 2557 Ceno,
819 2480 961 2564 quinon
984 2478 1057 2544 sivit
1080 2490 1116 2544 ut
1137 2480 1170 2545 in
1192 2501 1230 2545 ea
1250 2482 1331 2566 peti-

301 2590 386 2657 tione
415 2612 473 2655 sua
506 2590 599 2655 amici
633 2587 789 2676 populum
819 2600 1023 2675 prensarent,
1048 2589 1201 2656 honorem
1232 2613 1328 2677 quem

301 2702 391 2790 petiit
412 2725 477 2768 non
499 2712 546 2768 est
567 2701 714 2790 adeptus,
740 2703 796 2788 qui
819 2725 888 2767 rem
911 2724 976 2767 non
1000 2712 1065 2768 tam
1088 2701 1235 2791 religiose
1256 2727 1332 2793 age·

301 2813 380 2880 bant
405 2814 638 2900 competitores,
671 2814 870 2880 consulatum
901 2836 920 2878 a
951 2814 985 2880 P.
1014 2815 1054 2880 R.
1085 2826 1280 2901 acceperunt
1300 2817 1333 2882 in

303 2949 332 2993 a.
365 2949 397 2993 ιι.
428 2948 456 2992 c.
489 2927 564 2993 703.
592 2949 621 2992 a.
652 2926 686 2993 C.
716 2927 769 2993 51.
801 2926 889 2991 Cnro
919 2925 1004 2990 enim
1027 2937 1177 3011 praetura
1204 2927 1334 2995 functus
1385 2905 1394 2913 θ

303 3047 373 3104 eret
405 3060 433 3105 a.
464 3059 498 3106 ιι.
529 3061 556 3104 c.
589 3040 664 3105 700.
698 3061 726 3105 a.
757 3039 791 3105 C.
823 3038 877 3103 54.
901 3075 946 3088 -
969 3038 1033 3102 Lex
1063 3039 1229 3124 Pompeia,
1257 3038 1334 3129 (qua

304 3149 458 3215 ambitum
496 3150 566 3215 foro
599 3149 727 3237 pulsum
765 3150 840 3216 dicit
875 3171 997 3215 omarus
1029 3149 1079 3238 ⁸))
1120 3149 1153 3215 id
1185 3151 1333 3217 effecerat

304 3270 406 3341 certe,
432 3270 468 3327 ut
489 3273 577 3328 metu
611 3261 803 3327 abstinerent
836 3260 929 3328 multi
960 3285 979 3327 a
1006 3260 1143 3348 profusis
1175 3261 1237 3328 illis
1267 3262 1331 3328 lar·

304 3484 445 3536 maiestate:
469 3511 505 3521 -
530 3486 574 3548 qui
599 3498 658 3536 rena
684 3493 722 3536 est
747 3492 832 3551 petere
858 3501 911 3536 non
936 3493 1017 3550 potest
1044 3485 1111 3550 (ride
1133 3499 1200 3551 quse
1221 3486 1333 3536 diximus

304 3585 328 3635 p.
352 3575 399 3619 103
417 3578 443 3619 ot
464 3574 520 3619 117.
543 3570 575 3620 de
598 3582 738 3619 omum
760 3571 894 3635 petitione,
918 3571 1113 3634 repetundarum
1130 3571 1177 3633 rei)
1195 3571 1272 3633 igitur
1288 3582 1333 3618 ar·

304 3668 363 3705 rma
388 3670 439 3704 non
463 3655 543 3717 potuit
565 3670 645 3720 quum
662 3655 782 3705 indicium
801 3656 936 3706 maiestatis
953 3656 1073 3717 agebatur
1091 3669 1222 3705 censuram
1237 3661 1334 3718 petero;

305 3747 381 3789 antea
398 3754 448 3788 non
467 3739 560 3802 potuit,
581 3739 649 3803 quod
667 3748 739 3789 extra
756 3739 845 3787 urbem
865 3747 935 3787 esset.
971 3738 1118 3787 l’ostnlatus
1134 3738 1211 3800 igitur
1229 3746 1267 3786 est
1283 3751 1333 3785 am·

305 3825 371 3874 bitae
387 3825 420 3873 ob
437 3825 584 3888 petitionem
601 3823 751 3873 consulatus.
787 3821 827 3873 Cf.
845 3835 894 3872 crc.
913 3822 945 3871 ad
962 3820 1036 3873 Fam.
1056 3822 1109 3872 111.
1131 3825 1160 3870 ll
1180 3820 1193 3884 5
1212 3826 1236 3870 2.

340 3906 361 3972 ¹)
379 3908 460 3958 Paua.
478 3907 533 3959 Cat.
552 3908 616 3958 Min.
637 3912 678 3956 49.

341 3990 362 4048 ²⁸
380 3993 435 4046 Cro.
454 4009 478 4058 p.
497 3993 565 4043 Mur.
583 3998 618 4043 34
634 3992 648 4055 ιῑ
667 3995 700 4042 70
717 4006 771 4057 sqq.

341 4073 362 4144 ὅ)
378 4078 461 4129 Pnnr.
479 4076 535 4130 cat.
552 4077 617 4129 Min.
637 4081 670 4127 at
684 4076 716 4127 os.
735 4088 878 4128 emanente
896 4076 929 4127 ad
945 4077 971 4127 h·
989 4091 1093 4127 annum.
