2910 4950
708 422 750 484 29

218 624 457 693 Observandum
479 635 527 692 est
542 624 709 692 discrimen
728 628 811 692 inter
825 626 908 693 hanc
927 628 1030 717 legem
1049 638 1081 695 et
1098 632 1238 717 superio·

217 760 286 804 rem
308 760 337 805 a.
357 760 390 804 u.
414 739 448 804 C.
472 738 548 804 322.
573 759 602 804 a.
626 738 761 817 (1.432,
786 740 902 827 quippe
924 740 1009 827 quod
1033 740 1085 808 lex
1103 744 1240 811 Poetelia

217 860 328 916 contra
349 850 519 928 ambitum,
543 849 644 915 altera
659 861 769 916 contra
787 851 990 918 ambitionem
1013 853 1109 919 fuerit
1130 853 1205 920 lata.

260 964 350 1027 Hanc
376 960 479 1049 legem
506 961 550 1027 sic
571 960 732 1050 intelligo:
765 964 873 1046 Quum
900 974 1020 1030 constet
1042 965 1074 1030 in
1098 964 1240 1031 creandis

215 1068 454 1162 magistratibus
474 1073 650 1159 saepissime
676 1084 825 1140 eventum
849 1076 882 1141 in
901 1098 1014 1141 eorum
1037 1099 1103 1141 esse
1125 1078 1239 1141 suffra-

214 1184 274 1273 giis
296 1185 449 1271 positum,
477 1184 532 1269 qni
553 1183 610 1249 has
631 1206 682 1249 res
705 1208 737 1250 se
754 1185 839 1250 nihil
862 1208 975 1251 curare
992 1185 1098 1252 dicant
1120 1186 1171 1252 vel
1194 1189 1239 1253 si·

215 1294 354 1375 mulent,
379 1318 517 1382 cumque
539 1293 655 1360 horum
678 1317 832 1361 numerus
852 1297 885 1361 in
908 1297 1000 1375 foris,
1024 1297 1241 1364 conciliabulis

215 1417 301 1473 certe
323 1405 419 1494 longe
440 1405 543 1471 maior
564 1415 644 1471 esset
672 1427 768 1491 quam
795 1407 827 1471 in
852 1407 917 1493 ipsa
940 1408 1019 1473 urbe
1044 1412 1159 1489 Roma,
1184 1409 1240 1476 ubi

214 1540 324 1584 omnes
346 1517 386 1583 ad
407 1517 560 1605 suffragia
581 1515 711 1582 ferenda
733 1518 962 1584 conveniebant
984 1519 1035 1585 vel
1056 1531 1141 1586 certe
1163 1544 1238 1587 con·

213 1629 322 1695 venire
344 1627 514 1706 debebant,
541 1625 700 1715 duplicem
728 1626 824 1694 huius
854 1628 933 1718 legis
960 1631 1114 1698 rationem
1145 1632 1239 1699 fuisse

215 1740 367 1806 arbitror:

216 1855 246 1922 1.
280 1855 323 1919 Ut
351 1850 495 1940 largitio,
531 1850 582 1917 vel
616 1850 697 1917 alius
727 1851 910 1939 quicunque
939 1853 1053 1921 modus
1081 1854 1239 1921 ambiendi

280 1962 495 2050 impediretur.

213 2077 245 2142 2.
279 2078 322 2140 llt
340 2076 425 2139 cives
442 2072 579 2138 Romani
598 2073 701 2159 quiin
716 2070 796 2137 urbe
813 2081 905 2138 erant
922 2072 973 2138 vel
990 2096 1089 2161 prope
1106 2075 1236 2154 urbem,

279 2186 313 2251 in
336 2182 571 2272 magistratibus
593 2183 736 2250 creandis
757 2183 830 2271 plus
851 2183 1004 2255 valerent.

256 2299 304 2362 Ex
326 2296 428 2362 verbis
451 2294 547 2383 legis:
580 2293 648 2375 „ad
670 2316 828 2359 novorum
850 2294 1015 2361 hominum
1034 2297 1236 2364 ambitionem

214 2405 534 2494 „comprimendam”
558 2406 652 2471 etiam
675 2415 777 2492 potest
798 2417 1024 2493 argumentum
1048 2410 1112 2495 peti
1133 2409 1238 2497 legem

214 2543 251 2588 ea
280 2520 320 2586 de
342 2541 452 2586 caussa
481 2518 575 2583 fuisse
598 2517 694 2584 latam
717 2528 755 2582 ut
774 2520 895 2584 Romae
917 2518 1029 2585 incolis
1057 2542 1125 2585 mos
1147 2542 1237 2609 gere-

212 2642 317 2710 retur,
346 2632 463 2717 quippe
485 2629 570 2717 quod
593 2630 668 2695 nori
693 2630 852 2709 homines,
886 2632 941 2716 qui
964 2630 1047 2696 male
1069 2631 1239 2698 audiebant

213 2742 298 2831 apud
315 2746 488 2820 Romanos,
513 2742 630 2828 quique
661 2742 730 2806 fora
759 2741 904 2819 obibant,
928 2741 1031 2806 multo
1053 2743 1175 2828 saepius
1198 2767 1238 2808 ex

212 2856 284 2943 ipsis
303 2854 395 2931 foris,
420 2851 650 2929 conciliabulis,
680 2862 782 2917 essent
810 2851 936 2917 oriundi
963 2874 1061 2938 quam
1088 2877 1128 2920 ex
1158 2854 1237 2921 urbe

210 2972 314 3034 Roma
336 2965 376 3053 ¹).

244 3162 377 3229 ¹)c1crao

243 3261 352 3299 mins.
1235 3296 1239 3305 .

247 3346 278 3383 rr.
292 3345 361 3382 caro
375 3343 530 3392 crnsomns,
543 3338 600 3382 ortu
615 3332 781 3385 manns.
804 3330 999 3383 thunnrrus
1013 3332 1142 3385 edPlene
1157 3338 1234 3399 put.

243 3430 279 3467 m.
313 3429 511 3477 conaremur,
543 3419 638 3481 primus
667 3432 681 3469 e
710 3417 784 3484 plebe
810 3417 931 3469 Pontifex
955 3418 1086 3469 Maximus
1118 3418 1234 3471 Camerio

209 3508 279 3553 ortu!
295 3508 341 3552 eut.

243 3601 269 3637 1..
287 3600 413 3646 muna,
430 3586 588 3637 Lanuvinus.
623 3585 678 3637 Cre.
696 3602 721 3651 p.
735 3586 803 3637 Mur.
822 3592 858 3637 40
875 3588 889 3651 5
905 3590 947 3637 86.
966 3592 997 3638 41
1019 3590 1034 3652 5
1052 3594 1094 3640 00.

243 3685 391 3732 susurrus,
416 3673 493 3721 homo
519 3687 613 3734 novus,
637 3670 700 3737 (eius
721 3680 792 3737 pmcn
813 3672 886 3739 sscerte
907 3673 996 3723 consul
1019 3689 1071 3725 non
1097 3673 1153 3739 suit)
1179 3682 1233 3727 eret

207 3757 345 3821 municipio
362 3756 451 3806 Aricia
466 3756 594 3807 oriundus.

243 3855 369 3902 romanu,
392 3841 492 3890 oriundi
508 3848 567 3891 suut
583 3841 724 3906 Pompeiis,
748 3841 839 3906 oppido
860 3839 1021 3905 Campaniae.
1048 3842 1108 3893 Vid.
1126 3856 1145 3893 1.
1159 3855 1231 3894 noan

208 3938 317 3976 amm
333 3927 365 3975 de
381 3938 465 3975 srxro
483 3939 610 3975 rourum.
628 3926 673 3975 Tr.
689 3942 712 3976 a
730 3926 779 3977 Bb.
797 3941 822 3992 p.
841 3931 883 3976 30.
905 3927 979 3974 1846.

242 4023 284 4061 cra
302 4009 554 4070 rememoratione,
571 4009 648 4061 bomo
665 4024 753 4062 norua
780 4010 835 4063 Cre.
850 4025 875 4075 p.
888 4010 977 4060 Plauc.
994 4007 1036 4073 80
1053 4012 1092 4058 19.
1111 4014 1141 4060 1³
1157 4010 1171 4075 p
1186 4016 1229 4061 ³2.

312 4092 588 4157 circumeamus·
604 4094 692 4149 Labeo
709 4096 754 4147 der
771 4109 800 4145 rr.
817 4110 842 4146 τ.
859 4108 962 4147 emeno.
977 4110 1001 4160 p.
1018 4098 1077 4145 480.

383 3198 392 3223 ’
418 3163 435 3312 ἶ
460 3202 605 3268 Arpinates.
