2910 4950
767 378 811 445 50

296 571 308 582 ⁶
330 590 424 672 Quod
447 589 487 656 ad
506 611 626 656 annum
650 589 715 656 570
742 588 791 680 (ut
813 612 953 655 uuusnur
975 591 1082 658 scribit
1104 592 1124 658 l.
1139 592 1175 682 l.)
1208 594 1307 680 perti-

286 713 357 783 net,
389 726 493 790 neque
522 704 585 769 huc
613 700 815 768 referendum
846 703 1061 792 fragmentum
1086 705 1183 772 hocce
1213 717 1306 794 puto:

286 839 361 882 nam
385 816 470 903 apud
494 839 607 881 urvrun
629 826 776 882 accurate
800 838 966 881 censuram
990 840 1124 884 aaronis
1147 830 1178 885 et
1197 842 1309 886 ruaccr

287 927 514 995 describentem
535 927 664 992 nullum
687 927 782 992 huius
803 929 848 992 rei
871 927 962 993 video
984 931 1162 1018 vestigium.

285 1091 288 1097 .
332 1040 395 1104 Pro
424 1061 509 1103 anno
536 1039 600 1103 595
635 1037 699 1120 (hio
725 1058 828 1102 annus
854 1059 941 1103 nune
962 1040 1117 1105 omittitur
1139 1062 1158 1106 a
1181 1064 1310 1106 murano

287 1149 320 1214 in
334 1152 367 1214 2·
378 1149 514 1215 editione
529 1149 600 1214 vide
618 1158 684 1216 not.
694 1148 725 1215 3.
739 1170 811 1236 pag.
822 1148 877 1236 49)
899 1148 1001 1215 faeere
1016 1150 1150 1229 videtur,
1173 1151 1257 1237 quod
1273 1176 1312 1218 eo
1326 1230 1331 1236 ι

287 1282 371 1326 anno
388 1260 443 1327 fiat
465 1262 583 1327 mentio
606 1260 684 1348 legis
700 1258 738 1325 de
757 1259 879 1325 ambitu
894 1259 993 1340 latae,
1018 1285 1118 1347 quum
1137 1263 1312 1348 superiores

286 1372 373 1461 leges
406 1371 538 1438 deficere
559 1371 764 1450 videbantur3
801 1393 861 1436 neo
886 1370 988 1436 obstat
1011 1371 1096 1458 quod
1122 1395 1206 1437 uero
1234 1384 1311 1440 tune

286 1486 436 1570 temporis
458 1506 578 1549 annum
601 1483 715 1571 agebat
733 1483 841 1547 aetatis
861 1483 920 1562 75,
945 1485 1062 1570 quippe
1080 1486 1135 1570 qui
1159 1496 1311 1566 „sextum

285 1607 346 1681 „et
379 1597 606 1685 octogesimum
641 1617 761 1659 annum
792 1615 889 1681 agens
919 1616 1047 1660 oausam
1077 1594 1205 1674 dixerit,
1245 1597 1312 1683 ipse

287 1731 374 1796 „pro
397 1732 429 1773 se
452 1707 603 1784 oraverit,
635 1705 872 1790 scripseritque3
904 1706 1109 1793 nonagesimo
1136 1729 1220 1773 anno
1243 1725 1310 1776 ssa.

287 1843 443 1903 „astant
466 1819 506 1885 ad
528 1817 638 1906 populi
660 1816 827 1882 adduxerit
847 1814 1000 1882 iudicium
1022 1816 1085 1907 ¹).’'

331 1930 393 1996 Sed
412 1940 485 1996 sunt
508 1930 585 1996 haee
602 1929 732 1995 fortasse
754 1927 917 1993 subtiliora
937 1950 1031 2015 quam
1051 1929 1185 1997 veriora.
1218 1930 1312 2014 Quod

287 2043 327 2110 ad
350 2043 457 2109 locum
480 2041 584 2108 Schol.
605 2039 681 2106 Bob.
706 2039 785 2128 legis
808 2039 987 2120 Corneliae,
1019 2041 1106 2109 huno
1128 2066 1232 2130 neque
1254 2067 1313 2109 su-

286 2155 402 2242 periori
419 2176 524 2240 neque
542 2153 617 2219 huic
637 2153 701 2240 legi
719 2151 960 2218 adscribendum
979 2164 1067 2239 puto.
1114 2156 1152 2220 ln
1171 2157 1313 2241 sequenti

286 2265 489 2355 paragrapho
510 2264 550 2329 de
572 2263 632 2330 hoe
656 2262 726 2329 loco
748 2262 933 2330 videbimus.

333 2380 407 2444 Post
428 2377 512 2443 hano
534 2376 638 2463 legem
661 2373 837 2440 Corneliam
856 2375 999 2441 Fulviam
1023 2377 1229 2466 (quamquam
1247 2401 1313 2444 non

288 2489 410 2555 disertis
438 2486 552 2575 uerbis)
589 2488 728 2572 primum
758 2487 876 2551 mentio
904 2486 940 2552 fit
965 2487 1004 2553 de
1038 2489 1173 2554 ambitus
1200 2511 1312 2576 poena.

287 2602 359 2666 Non
390 2623 469 2687 opus
499 2610 545 2664 est
574 2608 679 2663 tamen
708 2608 746 2662 ut
775 2596 857 2664 hane
885 2599 925 2664 ob
948 2621 1074 2665 eausam
1097 2600 1314 2687 fragmentum

190 2713 192 2715 ’
288 2711 394 2778 Schol.
425 2709 502 2776 Bob.
537 2710 601 2775 huo
633 2708 825 2791 referamus;
862 2711 960 2776 immo
993 2712 1089 2777 etiam
1122 2711 1179 2777 illa
1212 2734 1314 2798 poena

275 2833 394 2910 potest
426 2822 496 2908 quis
530 2830 720 2908 argumento
752 2822 800 2886 uti
834 2823 867 2887 in
899 2823 1089 2888 contrariam
1116 2825 1314 2890 sententiam.

241 2917 243 2920 ,
290 2933 422 3022 Legitur
443 2933 527 2997 enim
551 2929 635 3018 apud
658 2952 819 2996 nourrius
840 2931 869 3019 ²)
893 2931 926 2995 in
949 2933 1109 3014 συγκρίσει
1127 2937 1181 2998 τοῦ
1202 2933 1316 2998 Λακώ-

291 3071 348 3112 νων
389 3044 442 3109 καὶ
478 3042 693 3125 Καρχηδονίων
727 3042 886 3123 Ῥωμαίων
922 3066 958 3108 τε
993 3045 1226 3123 πολιτεύματος
1262 3044 1319 3110 01ιί

294 3165 457 3243 comparat
489 3158 532 3221 τὰ
558 3153 607 3231 ἔθη
633 3155 686 3220 καὶ
716 3155 759 3221 τὰ
792 3154 912 3234 νόμιμα
936 3156 958 3221 i.
978 3178 1005 3221 e.
1033 3176 1137 3220 mores
1160 3155 1317 3221 maiorum

293 3268 362 3351 περ)
387 3269 458 3340 τοὺς
480 3268 722 3350 χρηματισμοὺς
747 3265 1024 3353 apud'utrumque
1040 3264 1196 3351 populum
1215 3288 1317 3351 quan·

293 3389 362 3445 tum
379 3382 514 3445 Romani
530 3380 723 3467 praecellant
741 3376 1070 3466 Karthaginiensibus,
1087 3379 1177 3443 cuius
1196 3380 1317 3466 opinio-

294 3493 343 3557 nis
373 3494 404 3557 in
435 3492 528 3558 fidam
557 3493 635 3560 haec
665 3491 766 3558 addit:
798 3489 885 3572 παρα
910 3488 968 3569 μὲν
992 3488 1209 3569 Καρχηδονίοις
1237 3490 1317 3575 δῶρα

295 3609 436 3686 Φανερῶς
468 3603 598 3679 διδόντες
630 3604 834 3683 λαμβάνουσι
866 3600 924 3673 τοὶς
958 3600 1063 3681 νὶρχοὶρ
1090 3601 1132 3691 ⁸)·
1166 3603 1254 3684 παρα
1285 3605 1318 3670 δὲ

294 3717 457 3796 Ῥωμαίοις
481 3716 613 3790 θάνατός
637 3719 704 3781 ἐστι
728 3714 795 3795 περὶ
818 3718 909 3779 τοῦτο
933 3712 1113 3793 πρόστιμον.

332 3903 427 3969 ¹)L1v.
446 3903 579 3954 XXXIX.
598 3909 639 3952 40.
658 3901 675 3951 1.

330 3985 352 4055 ²)
369 3990 434 4039 ros.
453 3991 502 4040 vr.
522 3991 564 4036 ss.

331 4071 351 4138 ὅ]
369 4076 425 4125 Hoc
443 4073 618 4139 posterioribus
634 4073 786 4137 temporibus
804 4073 899 4124 Romae
915 4089 1015 4141 quoque
1033 4074 1147 4126 invaluit.
