2910 4950
679 425 754 491 -96

267 634 352 701 Haec
382 633 493 701 ultima
521 631 671 717 adscripsi
708 631 859 717 quoniam
889 631 1076 698 videbantur
1106 635 1245 701 stabilire

221 749 400 833 opinionem
421 768 522 811 meam
546 767 621 809 mox
642 744 842 809 enunciatam
866 745 904 809 de
927 754 1037 824 τιμαῖς
1056 748 1241 822 ὑπατικαῖς.

213 861 296 924 7Επειῑ
324 860 408 924 enim
439 860 471 923 in
494 857 614 921 honore
636 855 721 942 apud
742 858 902 935 Romanos
924 880 964 922 ex
986 859 1147 944 superiore
1171 859 1243 925 loco

217 972 404 1037 sententiam
435 970 467 1034 in
497 971 615 1033 Senatu
644 968 747 1033 dicere
780 968 864 1053 quod
899 968 949 1034 vel
979 991 1045 1036 uno
1074 990 1242 1036 cressonis

217 1084 395 1148 testimonio
420 1081 632 1147 ¹demonstrari
662 1089 762 1165 potest
791 1080 846 1164 qui
874 1080 981 1145 scribit
1010 1081 1036 1168 ¹)
1073 1094 1241 1168 postquam

217 1195 374 1260 molestias
406 1192 570 1258 aedilitatis
604 1201 860 1256 enumeraverat:
894 1192 960 1273 „ob
989 1214 1099 1257 earum
1116 1188 1241 1260 ¹rerum

216 1306 384 1389 „laborem
406 1314 438 1369 et
459 1304 702 1369 sollicitudinem
725 1303 847 1367 fructus
869 1303 939 1368 illos
962 1303 1063 1383 (latos,
1084 1308 1241 1393 antiquio-

215 1440 307 1501 „rem
334 1419 367 1482 in
389 1428 495 1482 senatu
519 1417 683 1480 sententiae
706 1416 852 1480 dicandae
873 1417 986 1494 locum,
1018 1429 1121 1503 tapam
1136 1441 1241 1504 prae·

215 1540 373 1610 ,‚teatam‚
408 1528 515 1591 setam
542 1523 697 1589 caralem”
729 1534 800 1589 cett.
823 1522 864 1613 ²).
911 1526 1063 1604 conficio,
1096 1541 1133 1593 ut
1161 1529 1240 1595 mihi

213 1638 355 1716 videtur,
380 1639 465 1714 iure,
491 1658 673 1701 cressossu
700 1657 830 1720 carpere
852 1635 899 1701 his
921 1660 1008 1705 voco.
1040 1638 1085 1726 (in
1109 1639 1130 1705 l.
1152 1640 1174 1705 l.
1199 1664 1240 1706 ex

213 1763 293 1817 orat.
320 1772 351 1835 p.
374 1747 485 1836 Balbo)
519 1748 623 1811 nescio
653 1769 766 1832 quem,
799 1748 853 1832 qui
884 1747 963 1835 legis
992 1750 1139 1834 praemiis
1165 1773 1237 1817 eam

212 1859 396 1949 dignitatem
415 1859 519 1924 fuerat
537 1869 737 1936 consecutus,
762 1858 920 1945 simulque
939 1862 1132 1945 oppositione
1152 1862 1238 1929 illius

211 1972 347 2038 hominis
376 1982 408 2037 et
429 1994 522 2035 sissi
545 1970 600 2055 qui
622 1969 799 2055 praemium
822 1981 986 2056 acceperat
1011 1995 1051 2036 ex
1074 1972 1146 2060 lege
1169 1996 1237 2040 am·

212 2082 294 2148 bitus
324 2093 455 2170 apparet
477 2081 653 2168 praemium
677 2079 757 2144 illud
781 2084 952 2147 sententiae
975 2085 1149 2169 praetoriae
1172 2110 1238 2151 esse

211 2219 251 2260 ex
280 2195 342 2260 alia
369 2193 506 2280 quadam
534 2194 748 2271 accusatione,
785 2192 870 2277 quod
899 2204 930 2258 et
953 2196 1068 2280 optime
1091 2199 1238 2264 convenit

212 2328 288 2371 cum
317 2307 369 2382 iis,
401 2328 483 2391 quae
513 2303 551 2368 de
581 2303 651 2368 loco
675 2324 778 2367 morus
804 2303 1032 2389 disputavimus
1054 2307 1093 2394 ³).
1141 2310 1237 2375 Miror

213 2428 318 2483 tamen
348 2415 451 2480 adhuc
479 2415 638 2478 neminem
668 2412 761 2478 hosce
792 2437 958 2481 messoris
994 2418 1036 2505 (p.
1061 2416 1172 2506 Balbo)
1206 2429 1239 2484 et

211 2551 315 2594 morus
338 2526 422 2591 locos
445 2547 660 2609 comparasse,
692 2548 756 2610 quo
781 2549 904 2592 errores
931 2539 1061 2614 possunt
1087 2529 1155 2594 tolli
1178 2553 1238 2594 eo-

208 2661 300 2715 rum,
326 2638 380 2723 qui
399 2645 526 2723 putent,
552 2633 636 2719 apud
656 2656 777 2700 uronuu
799 2660 865 2700 essa
882 2637 1086 2724 cogitandum
1106 2638 1145 2703 de
1164 2638 1236 2728 lege

208 2748 354 2814 ambitus,
402 2746 581 2811 Praemium
596 2769 690 2810 usust
709 2746 768 2813 hoc
787 2748 885 2834 igitur
900 2748 993 2813 fuisso
1008 2749 1133 2813 videtur
1149 2750 1235 2835 quod

208 2860 304 2925 tribui
326 2859 496 2923 honestiori
516 2857 612 2922 fuerit
634 2856 822 2944 adscriptus,
856 2859 941 2945 quod
963 2859 1048 2947 apud
1074 2863 1235 2928 Romanos

209 2973 282 3037 satis
304 2970 512 3037 honorificum
537 2978 614 3034 erat.

252 3084 341 3148 Alter
368 3083 456 3147 loeus
482 3102 647 3146 cressosrs
678 3079 729 3145 bic
760 3090 822 3146 est:
850 3081 877 3170 ⁴)
920 3085 1149 3168 „Quapropter
1172 3083 1233 3149 hoc

209 3218 329 3277 „aussi
355 3192 507 3257 iudicium
533 3215 597 3256 non
625 3191 698 3279 plus
727 3192 802 3258 huic
832 3193 937 3259 obesse
968 3217 1094 3260 caussae
1122 3195 1231 3277 debet,

208 3328 329 3392 „quam
364 3304 435 3381 illa,
472 3325 553 3389 quae
584 3317 829 3370 commemorata
858 3312 932 3369 sunt
961 3304 1001 3369 ab
1031 3316 1230 3387 accusatore,

208 3415 298 3500 „duo
327 3415 441 3480 iudicia
464 3438 491 3481 r.
516 3437 634 3481 1²01>an
660 3427 692 3482 et
715 3440 757 3482 rr.
782 3439 924 3493 sursus,
949 3415 1004 3500 qui
1026 3438 1168 3493 caussam
1193 3418 1231 3483 de

208 3526 353 3610 „ambitu
381 3525 545 3608 dixerunt;
578 3529 634 3615 qui
662 3528 799 3594 accusati
822 3536 895 3592 sunt
917 3526 957 3591 ab
978 3527 1032 3604 iis,
1062 3528 1232 3614 quierant

211 3731 437 3745 *-

199 3909 203 3917 ,
243 3852 262 3915 ¹)
281 3852 335 3903 Cre.
355 3855 381 3903 in
399 3856 473 3904 Verr.
492 3855 528 3904 11.
547 3855 581 3904 V.
603 3858 641 3901 11.
657 3852 669 3916 t
685 3855 726 3902 36.
763 3850 906 3903 Cluuorz.
916 3865 965 3903 cre.
975 3854 1079 3905 Rea'r.
1089 3853 1125 3903 11.
1135 3867 1160 3916 p.
1170 3854 1230 3902 sla.

242 3934 263 3995 ²)
281 3938 383 3988 Cs.crc.
399 3938 573 3999 sdQ.fr.II.
593 3942 614 3985 l.
630 3937 735 4001 pltea
754 3938 781 3989 iu
799 3938 859 3990 Seu.
880 3940 925 4004 tp
947 3944 985 3991 17.
1005 3941 1031 3990 in
1050 3953 1097 3989 ru.
1116 3943 1140 3986 5.
1158 3937 1172 4000 p
1190 3941 1229 3985 11.

242 4017 262 4080 ³)
280 4020 333 4071 Dio
349 4036 452 4072 eassrus
470 4022 602 4071 XXXVI.
623 4025 663 4070 2³.

242 4102 262 4169 ⁴)
280 4105 334 4156 Cre.
352 4122 376 4170 p.
395 4106 495 4158 Cluent.
513 4108 545 4154 36
564 4104 577 4168 p
595 4107 636 4153 98.
