2910 4950
631 419 674 485 43

186 628 228 710 Ut
257 625 365 712 paucis
392 625 499 693 omnia
529 623 568 691 de
590 624 736 691 Cornelia
758 625 873 693 Baebia
896 630 1098 710 contraham,
1122 632 1166 698 sio

104 721 107 726 ⁸
138 738 340 805 statuendum
362 760 429 804 esse
452 736 527 803 mihi
549 735 683 805 videtur.

141 851 171 918 1.
218 852 328 917 Latam
361 873 427 917 esse
460 872 557 915 uuam
593 849 697 937 legem
731 874 759 918 a.
793 874 825 919 u.
857 876 884 921 o.
922 854 998 922 573.
1033 877 1053 919 a
1087 877 1163 922 coss.

219 984 247 1028 n.
271 982 430 1027 correano
452 969 484 1025 et
506 983 540 1027 m.
568 982 692 1028 saraia.

139 1072 172 1139 2.
219 1073 328 1138 Latum
351 1095 416 1138 esso
438 1072 527 1138 initio
550 1073 635 1142 anni.

139 1181 172 1248 3.
218 1181 270 1247 Nil
300 1184 377 1248 certi
407 1183 502 1249 statui
531 1204 619 1268 posse
649 1180 688 1247 de
710 1181 764 1261 iis,
789 1204 870 1268 quae
892 1180 952 1248 hac
975 1181 1046 1271 lege
1069 1206 1164 1251 cave-

216 1291 1126 1381 mmfflwmmwfflmmmm-

138 1405 172 1471 4.
218 1404 337 1471 Locum
356 1404 461 1471 Schol.
479 1403 556 1472 Bob.
573 1404 614 1470 ad
629 1404 712 1470 hane
734 1404 837 1492 legem
858 1426 1025 1492 perperam
1040 1405 1162 1477 referri.

101 1522 107 1533 '
144 1584 150 1593 ,
183 1512 295 1581 Oritur
317 1524 423 1582 tamen
446 1515 550 1582 adhuc
573 1516 729 1602 quaestio,
762 1538 857 1602 quam
880 1516 906 1581 si
928 1515 1076 1584 dirimere
1098 1541 1163 1585 non

137 1648 282 1714 possum,
317 1626 403 1715 quod
436 1627 540 1694 adhuc
573 1628 634 1694 iam
670 1629 794 1715 saepius
823 1627 942 1693 frustra
968 1628 1061 1694 multi
1089 1638 1164 1696 sunt

138 1739 262 1818 conati,
286 1739 364 1805 mihi
385 1740 492 1806 iuveni
514 1740 590 1805 vitio
612 1750 697 1806 certe
719 1738 753 1805 id
775 1762 840 1806 non
862 1749 1014 1806 vertetur.

182 1851 330 1932 Quaestio
360 1850 399 1916 de
426 1874 490 1938 qua
519 1846 574 1919 est'
592 1851 752 1939 agendum
782 1850 860 1916 haee
886 1861 948 1917 est:
972 1853 1163 1938 Fragmenta

136 1982 271 2029 caroius
300 1961 339 2029 de
367 1963 481 2049 quibus
506 1963 630 2051 egimus
652 1985 672 2028 a
694 1986 823 2029 urrrao
846 1962 1031 2029 referuntur
1053 1961 1093 2026 ad
1116 1960 1163 2027 le·

135 2096 211 2161 gem
240 2074 388 2141 Baebiam
421 2084 484 2155 „ut
516 2073 645 2140 alternis
676 2075 766 2139 annis
796 2085 933 2160 quatuor
963 2072 1162 2138 solummodo

134 2191 327 2268 „praetores
350 2192 535 2248 crearentur
559 2181 623 2271 ¹).''
660 2183 742 2248 Tum
765 2181 893 2250 demum
917 2181 1082 2248 diiudicari
1105 2205 1162 2269 po·

137 2306 197 2362 test
227 2319 308 2383 quae
331 2297 370 2361 sit
392 2319 513 2362 uarum
536 2296 675 2381 opinioni
696 2294 773 2361 fides
794 2294 939 2361 habenda
961 2295 986 2360 si
1009 2293 1163 2360 constabit

134 2407 175 2475 de
208 2408 279 2497 loge
311 2407 427 2475 Baebia
461 2417 526 2491 „ut
552 2407 680 2473 alternis
707 2409 798 2474 annis
828 2407 975 2494 quaterni
1001 2416 1162 2494 praetores

134 2519 381 2604 ‚,oreareutur3’
553 2524 555 2529 ’

180 2633 252 2714 Quo
286 2654 370 2697 anno
403 2630 467 2697 lata
500 2630 540 2699 sit
572 2629 629 2698 illa
662 2630 714 2696 lex
747 2631 927 2720 ignoratur.
978 2631 1087 2698 Lrvrus
1116 2631 1178 2697 sie·

132 2742 241 2811 scribit
271 2741 299 2832 2)
336 2753 487 2830 potquam
522 2742 694 2808 monuisset
728 2741 766 2807 de
798 2742 868 2831 lege
902 2739 998 2811 villia
1032 2742 1157 2808 annali:

132 2866 323 2941 „praetores
353 2877 386 2921 ιν
420 2863 491 2941 post
520 2853 637 2918 multos
670 2874 770 2919 annos
801 2852 872 2941 lege
901 2853 1016 2920 Baebia
1042 2854 1157 2934 creati,

130 2988 244 3052 „quae
264 2963 392 3031 alternis
415 2963 530 3054 (annis)
553 2973 723 3050 quaternos
741 2962 869 3028 iubebat
887 2966 1004 3045 creari3
1030 2964 1062 3030 hi
1086 2965 1159 3031 facti

129 3098 210 3163 „cn
242 3099 415 3143 cernamus
445 3098 560 3156 sauro,
590 3097 986 3155 c.vssrurusnnrv1ros,
1017 3099 1047 3153 o.
1072 3085 1105 3141 et
1126 3099 1155 3144 ι’.

130 3213 262 3275 ,auom
285 3214 314 3268 o.
335 3214 360 3257 r.
378 3188 593 3258 scrsvouau.''
627 3190 791 3255 Praetores
806 3188 946 3275 primum
966 3187 1063 3255 creati
1081 3210 1154 3269 sex,

131 3325 196 3391 quo
217 3324 302 3369 anno
324 3301 523 3368 consulatum
545 3300 699 3390 gerebant
720 3324 750 3370 r.
775 3322 941 3379 ourrcmus
967 3324 1155 3367 assuminus

129 3425 162 3482 et
179 3438 245 3484 sax.
264 3437 373 3481 saurus
392 3437 507 3481 narnus
522 3437 620 3482 carus
643 3414 663 3485 i.
676 3439 704 3482 a.
728 3436 757 3481 a.
779 3438 812 3483 u.
832 3438 860 3482 c.
882 3414 958 3484 556.
979 3437 1008 3483 a.
1025 3415 1058 3481 G.
1075 3416 1150 3483 198.

130 3525 235 3614 Igitur
261 3526 401 3612 primum
431 3547 486 3590 sex
515 3534 675 3611 praetores
703 3523 793 3589 fuera
830 3546 859 3592 a.
891 3547 924 3592 u.
956 3547 984 3590 c.
1016 3522 1093 3591 557.
1125 3547 1154 3597 a.

130 3638 163 3705 G
196 3637 272 3703 197.
326 3638 390 3704 Cur
424 3636 543 3702 fuerint
576 3660 610 3703 vr
644 3635 741 3703 creati
770 3634 884 3702 diserte
916 3635 1003 3702 addit
1032 3659 1152 3703 ansus:

128 3747 367 3832 „crescentibus
400 3749 463 3815 iam
492 3749 662 3836 provinciis
684 3758 716 3815 et
737 3748 831 3816 latius
856 3757 982 3837 patente
1004 3749 1148 3838 imperio.

163 4024 183 4093 ¹)
200 4029 331 4078 Marruca
350 4027 439 4091 fragm.
458 4025 527 4078 Orat
545 4027 653 4079 Roman.
673 4041 697 4092 p.
717 4030 758 4075 62.

163 4110 398 4180 &mmm
