2910 4950
701 408 742 471 10

252 619 289 681 ln
312 615 459 703 populari
481 616 604 680 ratione
625 613 704 680 baec
725 624 801 680 sunt
819 614 994 681 adhibenda
1016 618 1063 704 ¹):

296 730 329 793 α’
352 726 582 806 nomenclatio,

295 840 331 916 β
354 837 519 917 blanditia,

296 953 330 1028 γ’
353 948 533 1027 assiduitas,

297 1063 324 1127 ἴ
347 1061 525 1148 benignitas
547 1060 589 1149 ²).

253 1176 285 1238 α’
309 1172 533 1240 Nomenelatio.

252 1286 323 1350 Non
361 1308 441 1373 opus
478 1307 544 1350 esse
576 1293 654 1371 puto
684 1282 787 1350 multa
815 1284 855 1351 de
886 1285 1137 1354 nomenclatione
1166 1289 1233 1356 dis-

208 1399 314 1484 putari
336 1398 361 1462 si
383 1397 489 1463 loeum
517 1419 653 1462 nonarn
679 1395 851 1463 laudavero
875 1398 923 1486 ⁸),
947 1399 1003 1486 qui
1028 1401 1146 1486 optime
1172 1423 1234 1466 no-

209 1509 433 1575 menclatorem
456 1507 603 1575 describit
624 1509 672 1574 his
694 1509 811 1575 verbis:

343 1673 362 1703 „
371 1642 568 1701 mercemur,
593 1622 648 1706 qui
670 1619 766 1686 dictet
787 1621 933 1700 nomina,
957 1620 1082 1689 laevum

343 1734 426 1819 „qui
448 1732 546 1798 fodiat
567 1733 670 1799 latus.
685 1782 693 1799 .
753 1782 761 1798 .

343 1894 381 1928 „.
395 1893 404 1912 .
418 1894 426 1912 .
440 1896 448 1912 .
461 1845 513 1911 hio
535 1845 672 1911 multum
695 1845 728 1910 in
751 1845 845 1910 Fabia
867 1845 967 1926 valet,
991 1845 1046 1912 ille
1068 1845 1196 1927 Velina;

345 1956 501 2039 „cuilibet
523 1959 548 2022 is
566 1957 664 2023 fasces
686 1956 785 2035 dabit,
809 1959 984 2045 eripietque
1006 1958 1118 2025 curule

344 2070 423 2150 „oui
446 2069 532 2135 volet
552 2070 753 2156 importunus
774 2069 887 2135 ebur.”

255 2182 323 2246 lloo
352 2202 448 2266 quam
475 2182 612 2247 maxime
642 2190 713 2246 erat
733 2179 894 2268 agendum
917 2178 950 2245 in
973 2181 1123 2266 petitione
1144 2191 1181 2245 ut
1202 2183 1235 2246 in

210 2312 418 2376 unaquaque,
435 2292 567 2356 certain
583 2290 727 2376 pluribus
738 2290 898 2368 tribubus,
912 2289 1069 2354 candidati
1083 2289 1237 2357 baberent

211 2403 350 2469 fautores
371 2411 513 2489 potentes
537 2402 581 2489 ⁴);
607 2402 706 2489 igitur
728 2400 964 2488 eognosoendae
982 2410 1075 2465 erant
1099 2403 1237 2468 rationes

211 2512 387 2580 multorum
404 2512 587 2592 bominum,
606 2535 745 2598 quorum
763 2512 893 2577 nomina
913 2535 1006 2598 saepo
1027 2535 1068 2577 ne
1087 2513 1236 2581 tenebant

212 2624 338 2711 quidem
366 2625 528 2690 memoria.
574 2623 773 2688 adhibebant
801 2633 839 2688 ut
864 2623 939 2689 huie
963 2625 1010 2689 rei
1032 2635 1237 2692 occurrerent

211 2758 339 2802 servum
376 2735 431 2821 qui
466 2735 596 2801 nomina
637 2735 871 2822 permultorum
908 2745 1012 2800 nosset
1037 2734 1063 2823 ι)
1093 2748 1126 2802 et
1161 2737 1234 2822 qui,

211 2846 288 2934 quid
311 2846 444 2933 quisque
467 2846 500 2911 in
522 2848 601 2933 Rep.
626 2845 746 2913 valeret
766 2847 864 2933 probe
887 2856 1016 2913 teneret

245 3157 735 3226 ¹)thtdepetoona11541.

245 3238 268 3313 ²)
283 3241 323 3292 Do
343 3243 383 3292 his
405 3242 522 3291 omnibus
543 3241 636 3292 multos
653 3242 720 3293 loooa
736 3243 838 3308 eollegit
853 3257 930 3305 uuna,
953 3242 1077 3296 Criminal
1094 3243 1176 3296 Reeht
1191 3247 1237 3298 der

210 3324 312 3377 Bdmer.
333 3341 357 3390 p.
382 3328 430 3375 70³
448 3340 485 3390 sq.

246 3407 266 3475 ⁵)
283 3411 354 3461 Hora
372 3411 420 3474 Ep.
438 3411 461 3459 1.
480 3413 505 3458 6.
523 3420 561 3460 va.
580 3415 612 3459 49
630 3424 684 3476 sqq.

244 3492 266 3559 6)
283 3496 392 3544 Romani
401 3497 427 3544 in
437 3496 556 3558 petitione
564 3497 656 3561 populo
666 3498 778 3548 tributim
788 3498 973 3562 supplicabant,
984 3512 1044 3546 nam
1052 3499 1097 3562 qui
1105 3498 1190 3562 plures
1198 3503 1239 3550 tri·

212 3582 257 3629 bus
271 3579 363 3629 tulerat
376 3579 397 3627 is
412 3585 465 3628 erut
478 3588 582 3629 creatus.
607 3581 683 3642 Quod
691 3583 731 3631 rol
742 3584 865 3632 indioutnr
873 3583 1016 3632 testimonio
1025 3595 1080 3631 asc.
1090 3598 1151 3634 nnn.
1160 3600 1184 3650 p.
1194 3600 1238 3636 on.

212 3668 242 3712 21
255 3664 298 3713 ubi
306 3665 358 3726 agit
366 3664 397 3711 do
407 3663 497 3712 iudicio
505 3664 604 3728 populi:
624 3688 635 3708 ι
644 3666 702 3726 Quo
711 3667 816 3716 crimine
825 3666 952 3717 absolutus
960 3671 1239 3733 ostscAtarsquidem,

213 3749 276 3799 used
290 3750 325 3799 ita
338 3757 366 3798 ut
380 3764 397 3798 a
410 3748 488 3798 tribua
503 3751 615 3799 tribubus
629 3752 804 3810 damnaretur,
818 3767 834 3800 a
843 3750 953 3800 mn
962 3751 1132 3804 absolveretur
1140 3755 1239 3804 etinlia

212 3850 312 3899 ‚panea
328 3842 420 3899 puncta
435 3834 501 3883 inter
514 3835 701 3885 damnationem
718 3843 743 3884 et
757 3835 940 3885 absolutionem
953 3837 1128 3889 intersoeenw
1161 3839 1238 3889 Ram.

211 3917 261 3983 Op.
279 3920 298 3969 L
315 3935 341 3984 p.
361 3923 419 3969 703.
437 3919 469 3970 οἱ
487 3934 620 3970 noman
637 3922 670 3970 de
687 3919 784 3983 Colleg.
803 3928 829 3970 οι
844 3920 945 3971 sodalie.
963 3922 1037 3972 Rom.
1054 3938 1079 3986 p.
1098 3927 1140 3971 49.

245 4000 267 4066 ⁵)
284 4003 312 4054 Si
330 4018 416 4055 servus
433 4018 527 4055 nomen
553 4005 672 4065 amanet,
698 4004 816 4056 audacter
838 4006 934 4059 soleba
955 4008 1060 4059 domino
1084 4006 1220 4071 imponere.

212 4086 477 4140 annetiennes.
496 4090 517 4138 I.
536 4093 561 4138 ³.
579 4090 626 4153 Ep.
646 4091 687 4138 27.
