2910 4950
639 427 701 493 101

151 635 230 703 dicit
262 658 393 716 Qurnrus
427 657 563 702 unncun
598 634 728 702 fratrem
762 657 880 725 magna
914 639 971 705 sibi
999 639 1178 709 adiunxisse

153 750 271 815 auxilia
299 751 333 814 in
360 750 524 835 petitione,
550 746 635 834 quod
657 770 800 814 animun
823 749 964 836 aliosque
985 751 1189 835 defenderit*
1228 761 1230 765 ’

152 882 253 946 quum
272 860 305 925 hi
326 882 453 926 asconii
474 859 628 947 potiorem
646 858 782 925 habeant
800 863 1019 927 auctoritatem
1037 864 1177 930 seriben-

150 972 206 1050 tis,
238 969 277 1035 ad
307 969 486 1058 fragmenta
515 990 682 1035 crernonrs
711 970 861 1036 orationis
888 973 921 1037 in
945 983 1020 1061 toga
1043 974 1176 1041 eandida

148 1083 266 1171 (igitur
297 1080 402 1147 habita
435 1104 465 1148 a.
496 1104 529 1149 n.
559 1104 586 1148 c.
620 1080 695 1147 690.
727 1103 756 1148 a.
787 1082 821 1147 C.
855 1082 942 1171 64.):
978 1085 1004 1172 ¹)
1060 1085 1176 1168 „Alter

150 1193 301 1275 „induxit
337 1216 428 1273 eum,
468 1216 565 1281 quem
598 1194 717 1281 potuit,
754 1204 791 1258 ut
822 1195 1175 1283 repentegladiatores

149 1304 291 1393 „populo
323 1328 388 1372 non
418 1305 537 1372 debitos
566 1303 786 1391 polliceretur3
822 1327 876 1369 eos
905 1305 970 1392 ipse
1000 1308 1175 1375 consularis

148 1415 359 1497 „candidatus
380 1418 539 1503 perspexit
563 1425 595 1481 et
617 1414 695 1503 legit
716 1425 748 1479 et
770 1415 861 1495 emit;
887 1427 1051 1503 praesente
1074 1419 1108 1486 P.
1132 1423 1173 1492 R.

148 1525 294 1607 „factum
325 1526 411 1607 est,'’
443 1528 499 1592 ubi
519 1529 564 1594 sie
586 1537 716 1592 annotat
738 1549 905 1594 asconius:
931 1552 987 1610 „Q
1012 1551 1171 1612 arnimar,

68 1668 74 1674 ·
147 1660 268 1725 „quern
290 1649 397 1726 postea
419 1662 509 1705 reum
534 1640 668 1706 ambitus
690 1637 828 1704 defendit
845 1642 1022 1729 aipnifiaare
1041 1644 1171 1713 videtur.

146 1751 229 1833 „Hie
258 1752 359 1831 enim,
392 1774 492 1838 quum
517 1763 598 1818 esset
626 1762 795 1838 praeturae
822 1752 1006 1819 candidatus
1029 1755 1114 1841 quod
1138 1757 1171 1822 in

146 1861 366 1944 „aedilitates
383 1885 480 1950 quam
513 1875 587 1928 anta
620 1885 741 1928 annum
775 1873 927 1949 gesserat,
963 1863 1075 1929 bestias
1105 1888 1170 1933 non

145 1971 342 2054 „babuerat,
372 1970 457 2036 dedit
486 1971 727 2058 gladiatorium,
756 1971 816 2035 sub
846 1972 938 2036 titulo
968 1973 1050 2059 patri
1080 1997 1113 2039 ae
1137 1974 1170 2041 id

144 2082 280 2166 „dara”
317 2086 489 2149 Dauntrnn
518 2083 703 2147 sententiam
735 2082 864 2146 omnino
889 2106 954 2148 esse
977 2085 1169 2168 sequendam

144 2217 267 2262 censeo.
312 2195 491 2260 duetoritaa
513 2204 620 2260 autem
644 2217 674 2270 ρ.
698 2214 865 2259 ciceronis
888 2193 1002 2259 bacin
1025 2218 1060 2259 re
1084 2208 1169 2264 certe

142 2292 245 2374 inulto
261 2309 364 2393 potior
385 2329 451 2372 esse
469 2304 577 2385 debet,
601 2315 633 2371 et
649 2315 710 2383 eat,
735 2326 831 2390 quam
854 2327 991 2372 asconii.
1038 2309 1169 2395 Scripsit

141 2419 226 2485 enim
260 2418 315 2483 ilie
344 2417 487 2484 libellum
510 2417 549 2482 de
572 2417 719 2504 petitione
737 2416 921 2482 consulatus
946 2439 1046 2502 quurn
1070 2418 1169 2486 frater

141 2541 247 2618 petere
264 2531 458 2607 instituerat,
477 2539 572 2615 atque
590 2531 622 2594 in
643 2528 698 2593 illo
717 2528 825 2593 libello
843 2551 986 2594 dautran
1000 2543 1168 2617 enumerat

141 2641 163 2710 l.
187 2642 209 2710 L
239 2644 322 2708 inter
351 2665 420 2720 eos,
451 2664 530 2728 quos
553 2663 677 2706 nnncns
700 2663 738 2705 eo
762 2640 887 2706 biennio
910 2641 1109 2722 defenderat,
1134 2644 1166 2710 id

141 2763 188 2834 eat
209 2754 266 2821 eibi
289 2752 495 2842 obligaverat.

183 2865 337 2932 Asconius
353 2876 477 2944 contra,
499 2887 692 2952 quamquam
708 2887 875 2931 ciceronis
890 2864 1036 2931 historiae
1055 2865 1164 2934 admo·

139 2978 218 3045 dum
229 3002 364 3068 gnarus,
378 2979 456 3044 vixit
466 2979 569 3064 primo
581 2976 707 3042 saeculo
718 2986 788 3062 post
799 2998 957 3042 cunurnn
969 2976 1028 3041 sub
1039 2986 1165 3043 nenonr'

139 3100 173 3156 et
200 3072 403 3172 vrarnun03
429 3089 457 3178 ²)
490 3090 520 3154 ei
545 3111 610 3154 non
633 3110 699 3153 esse
721 3086 853 3153 eandem
875 3088 907 3153 in
929 3087 989 3153 hac
1010 3110 1047 3152 re
1068 3087 1162 3154 fidem

138 3199 314 3268 habendam
336 3226 374 3268 ac
400 3202 439 3283 Q.
464 3199 554 3266 fratri
577 3201 795 3287 unusquisque
819 3199 895 3265 mihi
919 3198 1078 3266 concedet.

181 3313 328 3381 Ceterum
350 3337 404 3380 eos
425 3313 509 3378 viros
531 3310 638 3378 doctos
660 3322 788 3399 rogatos
811 3311 923 3391 velim,
944 3312 1073 3399 quando
1091 3321 1162 3380 tan-

136 3422 207 3490 dem
232 3448 348 3492 cronno
371 3447 513 3491 eannruu
536 3422 711 3489 defenderit
733 3447 762 3491 a.
783 3447 815 3490 u.
834 3448 861 3491 e.
888 3426 962 3492 690.
988 3448 1016 3491 a.
1037 3426 1070 3491 C.
1093 3426 1160 3492 tt?

136 3536 253 3603 Habuit
279 3540 452 3604 orationem
485 3538 518 3603 in
553 3547 627 3624 toga
656 3535 787 3601 candida
818 3537 926 3624 paullo
956 3548 1029 3602 ante
1058 3536 1160 3602 comi-

134 3647 252 3714 tiorum
270 3649 345 3716 dies.
376 3651 492 3717 Postea
510 3673 577 3716 eum
595 3648 733 3736 defendit
752 3651 790 3715 de
808 3651 923 3713 ambitu
941 3649 984 3713 ait
1001 3670 1159 3713 asconius.
1244 3706 1250 3713 .

134 3760 237 3850 Igitur
258 3785 324 3827 non
350 3772 521 3849 antequam
547 3774 671 3827 creatus
692 3772 739 3826 est
761 3759 888 3838 eonsul;
920 3781 995 3823 nam
1017 3759 1044 3824 si
1066 3779 1161 3822 nemo

168 4039 189 4107 ¹)
207 4043 272 4094 Aac.
290 4057 352 4094 ran.
370 4057 395 4110 p.
416 4058 459 4095 on.
479 4048 520 4094 88.

167 4119 188 4191 ²)
204 4126 272 4179 Itum
288 4129 386 4194 saepius
402 4135 526 4181 memorat
543 4141 647 4179 remma
661 4144 688 4178 v.
699 4143 721 4178 c.
739 4127 774 4177 Η.
786 4127 819 4181 N.
838 4125 901 4177 VII.
920 4131 950 4175 31
972 4133 997 4176 et
1014 4125 1083 4176 alibi.
