2910 4950
784 365 827 427 74

289 569 375 656 quod
393 568 510 635 idcireo
528 588 656 647 moneo,
680 569 832 654 quoniam
847 569 942 633 etiam
961 590 1001 635 ex
1019 568 1050 636 h.
1064 568 1086 635 l.
1103 569 1180 636 disci
1197 579 1314 658 potest,

288 704 385 768 quam
415 692 516 746 essent
545 682 681 746 Romani
710 681 866 766 principes
889 680 1097 766 pessumdati,
1129 705 1226 769 quam
1249 693 1315 749 tota

271 801 367 874 ‚esset
395 792 503 857 civitas
529 800 679 877 corrupta
715 801 811 876 atque
837 789 1019 856 divitiarum
1050 790 1165 877 cupido
1195 804 1316 879 quanta

287 903 460 970 exarsisset.
506 902 593 971 Tulit
623 902 707 967 enim
734 923 764 969 o.
788 925 941 968 irruimus
963 926 1139 968 nrnxrsnus
1159 902 1186 991 ¹)
1218 926 1314 991 roga-

287 1016 404 1081 tionem
436 1013 476 1079 ad
505 1014 677 1101 populum:
709 1024 771 1096 „ut
796 1026 1002 1100 quaereretur
1025 1016 1057 1080 in
1076 1039 1143 1096 eos,
1174 1011 1314 1102 quorum

233 1188 237 1196 .
287 1127 443 1210 „consilio
473 1150 638 1193 rusurrxa
668 1127 775 1192 Senati
805 1125 931 1193 decreta
959 1127 1163 1216 neglexisset,
1196 1130 1316 1215 quique

286 1289 306 1322 „
316 1238 356 1304 ab
386 1262 424 1303 eo
453 1240 486 1305 in
514 1239 725 1328 legationibus
753 1248 810 1304 aut
837 1240 976 1326 imperiis
1002 1240 1151 1326 pecunias
1173 1241 1316 1326 accepis-

286 1349 404 1433 „sent”
429 1350 614 1440 (legationes
643 1360 675 1415 et
703 1351 834 1437 imperia
867 1351 926 1416 soli
960 1351 1101 1418 obtinent
1130 1354 1312 1432 Senatores,

285 1461 428 1527 homiues
457 1485 497 1527 ex
527 1461 719 1548 amplissimo
744 1459 880 1549 ordine).
931 1459 1030 1526 Index
1052 1460 1161 1549 legum
1184 1483 1316 1527 orsum

285 1573 463 1659 suppeditat
485 1573 630 1659 exempla
652 1572 918 1638 nobilissimorum
942 1573 1131 1637 Senatorum
1154 1573 1225 1660 lege
1244 1575 1314 1639 Ma-

285 1671 373 1751 inilia
392 1683 614 1752 damnatorum
637 1684 722 1750 unde
744 1684 953 1751 demonstrari
979 1694 1081 1770 potest
1104 1706 1201 1770 quam
1227 1694 1314 1751 recte

286 1818 470 1864 sansusrrus
493 1800 606 1863 misere
628 1807 783 1884 queratur
805 1797 844 1863 de
867 1797 1007 1882 potentia
1030 1796 1241 1884 Iugurthinae
1259 1819 1315 1883 pe·

286 1911 417 1990 cuniae,
442 1933 604 1996 quamque
619 1932 694 1975 vere
713 1908 765 1975 hic
788 1909 851 1991 iam
870 1918 948 1974 tuno
966 1909 1115 1994 temporis
1136 1909 1317 1975 exclamare

285 2021 440 2108 potuerit:
472 2045 520 2104 „o
551 2021 663 2086 urbem
690 2018 834 2085 venalem
862 2030 894 2084 et
919 2031 1043 2085 mature
1065 2022 1256 2106 perituram,
1290 2023 1316 2087 ai

285 2142 468 2216 „emtorem
498 2130 674 2197 invenerit'’
701 2131 744 2220 ²).
790 2131 934 2201 Vidimus
961 2131 1000 2197 de
1029 2132 1168 2211 ambitu,
1200 2131 1240 2197 de
1261 2133 1315 2212 vi,

286 2243 431 2310 adhibitis
458 2267 476 2310 a
504 2245 651 2309 Marianis
685 2254 723 2308 ut
751 2243 886 2309 honores
909 2242 966 2309 sibi
989 2254 1220 2330 compararent.
1271 2246 1319 2310 Ne

286 2356 357 2439 quis
379 2366 485 2421 tamen
509 2357 541 2419 in
565 2357 708 2421 animum
731 2354 861 2421 inducat
878 2357 1044 2442 optimates
1061 2357 1093 2421 in
1117 2379 1155 2422 ea
1173 2379 1208 2422 re
1228 2358 1317 2443 quie-

286 2467 382 2532 visse:
414 2467 475 2533 hoe
504 2476 626 2557 certum
660 2476 708 2533 est
733 2477 828 2553 atque
858 2478 979 2533 constat
1002 2467 1041 2531 ab
1065 2479 1201 2554 utraque
1223 2477 1314 2553 parte
1403 2458 1410 2463 ¹

287 2577 440 2643 ambitum
464 2578 619 2657 exerceri,
651 2578 678 2643 si
700 2576 739 2643 de
761 2600 826 2642 una
849 2578 983 2644 factione
1008 2588 1131 2645 constat
1153 2601 1225 2645 eam
1246 2601 1315 2643 arn·

286 2687 388 2754 bitum
423 2690 630 2758 committere.
684 2689 809 2755 Habent
842 2688 921 2757 haec
954 2701 1098 2776 tempora
1131 2688 1216 2755 unde
1246 2690 1317 2775 quis

286 2798 459 2866 diiudicare
478 2802 574 2888 possit
590 2823 644 2883 ea,
669 2825 752 2889 quae
766 2803 939 2891 posteriore
957 2801 1087 2868 historia
1104 2810 1212 2866 secuta
1229 2811 1318 2868 sunt.

333 2912 438 2993 Quam
469 2912 587 2978 fuerint
612 2916 764 3001 pecuniae
790 2913 897 3001 cupidi
923 2924 954 2981 et
976 2913 1068 2981 facile
1090 2911 1318 2999 corrumpendi

287 3025 471 3105 Senatores,
503 3024 639 3093 vidimus
666 3028 698 3091 in
727 3026 902 3114 Iugurthae
924 3026 1069 3105 historia;
1102 3047 1198 3111 quam
1221 3023 1319 3089 dediti

287 3135 329 3202 ad
362 3136 497 3203 honores
530 3137 678 3203 emendos
707 3161 823 3203 sunnin
852 3137 1034 3225 exemplum
1062 3136 1225 3214 indicabit,
1261 3137 1318 3222 qui

288 3258 418 3314 auctore
440 3270 629 3335 rsursnpno
646 3249 674 3339 3)
700 3261 867 3338 postquam
889 3252 995 3337 priore
1014 3249 1162 3335 petitione
1187 3258 1317 3332 praetu-

289 3380 345 3425 rae
366 3359 526 3446 repulsam
550 3361 683 3441 tulisset,
708 3362 846 3429 secunda
868 3362 1015 3449 petitione
1037 3382 1121 3424 anno
1147 3371 1217 3445 post
1237 3384 1315 3446 par·

290 3471 348 3536 tim
364 3470 584 3546 blandimentis
599 3475 714 3559 partim
731 3474 950 3562 largitionibus
968 3473 1072 3537 offecit
1089 3483 1127 3537 ut
1142 3485 1315 3541 crearetur.

290 3582 380 3649 Unde
397 3582 516 3649 dietum
536 3609 685 3652 crrsrnrs
702 3610 721 3652 a
740 3606 927 3652 rnurnncno
946 3584 1108 3672 profertur
1125 3586 1196 3673 qui,
1214 3610 1315 3673 quum

325 3874 346 3941 1)
363 3876 546 3936 Hszrnorao,
564 3877 596 3924 do
613 3888 637 3924 c.
656 3887 741 3925 mmo
759 3874 831 3942 (filio)
848 3891 872 3940 p.
894 3881 923 3927 15
942 3892 978 3942 sq.

324 3959 346 4028 1)
363 3962 443 4013 Snus.
462 3962 529 4011 Bell.
545 3961 603 4025 Ing.
621 3964 663 4010 35.

325 4044 346 4111 3)
363 4048 444 4099 Ριυτ.
462 4045 536 4098 Sulla
553 4050 576 4093 ὅ.
