2910 4950
789 396 852 458 tta

304 606 361 671 illa
383 605 488 671 iudicii
512 605 614 669 forma
635 606 796 667 Romanoa
817 624 883 666 esse
905 601 1071 667 deterritos
1088 600 1129 665 ab
1151 600 1331 687 turpissimo

306 719 437 785 ambitu.
484 718 568 799 Quid
599 740 724 782 varran
749 738 947 802 curansque
965 716 1147 801 petitionem
1169 713 1329 780 reseram?

303 835 346 899 At
373 834 497 919 turpius
528 844 678 920 egerunt,
710 832 765 917 qui
797 829 998 894 consulatum
1021 828 1169 914 petebant
1190 850 1218 894 a.
1242 851 1275 894 ιι.
1300 852 1329 894 c.
1365 886 1373 896 .

308 947 382 1010 700.
411 966 440 1009 a.
473 945 506 1009 C.
536 944 589 1010 54.
636 941 731 1024 Quod
751 941 875 1027 copiose
905 938 1077 1003 admodum
1104 937 1223 1026 legitur
1244 938 1331 1025 apud

303 1078 486 1121 cremonen
510 1056 543 1119 in
566 1054 725 1140 Epistolis‚
750 1076 845 1139 quem
869 1063 995 1117 secutus
1017 1072 1196 1136 apponam:

771 1255 872 1337 510,

393 1416 477 1480 Reor
498 1417 537 1479 de
560 1413 685 1476 Ambae
708 1436 728 1476 α
751 1414 906 1476 consulatu
928 1433 1058 1475 nonrnn
1080 1409 1235 1476 II-HI.

350 1617 430 1680 Puto
460 1637 513 1679 eos
544 1613 583 1678 de
611 1613 727 1698 quibus
755 1636 842 1678 nune
872 1635 967 1700 agam
990 1613 1084 1677 fuisse
1105 1635 1177 1677 reos
1198 1634 1238 1677 ex
1260 1610 1333 1700 lege

306 1726 427 1804 Tullia,
463 1727 527 1813 (cui
557 1724 748 1790 accedebant
773 1725 828 1789 illa
852 1728 924 1791 Sota
948 1748 1083 1791 aaronis
1104 1735 1137 1789 et
1155 1735 1333 1789 namnet

304 1839 435 1905 fortasse
464 1840 573 1903 Sotum
597 1838 717 1903 factum
745 1839 777 1902 in
800 1840 986 1904 sententiam
1009 1838 1151 1926 uenturi)
1175 1849 1333 1923 qnatenus

303 1976 368 2019 non
389 1952 525 2017 accusati
546 1952 607 2015 sint
624 1965 731 2036 postea
750 1972 788 2014 ex
808 1949 880 2037 lege
893 1952 1050 2037 Pompeia.
1083 1950 1197 2016 Scribit
1214 1972 1332 2015 cronno

305 2085 412 2127 mense
432 2064 512 2127 lunii
532 2085 618 2148 sporn
637 2054 702 2126 esse
722 2062 910 2126 nonnullam
935 2063 976 2150 (a.
998 2086 1029 2129 u.
1051 2087 1079 2129 c.
1095 2064 1169 2128 700.
1183 2085 1212 2127 a.
1225 2063 1258 2128 C.
1273 2061 1329 2150 54)

304 2175 359 2241 aed
379 2177 529 2241 incertam
550 2175 749 2239 comitiorum
766 2173 812 2259 ¹);
836 2196 943 2238 mense
961 2197 1037 2239 vero
1054 2175 1215 2259 sequenti:
1236 2195 1333 2254 „am-

305 2287 413 2369 „bitus
431 2286 513 2353 redit
531 2287 693 2364 immanis;
712 2308 879 2371 nunquam
892 2287 1030 2371 luitpar.
1063 2286 1109 2352 ld.
1122 2287 1248 2368 Quinct.
1266 2286 1333 2351 foe-

305 2422 392 2480 „nus
405 2397 464 2462 fuit
483 2396 620 2461 beesibus
638 2419 678 2461 ex
696 2396 811 2459 triente
828 2397 872 2482 ²),
893 2397 1027 2461 coitione
1038 2418 1158 2459 nnunu
1171 2395 1219 2482 ³),
1236 2417 1333 2480 quum

305 2531 405 2591 „eum
425 2529 562 2572 uonrrto
582 2507 656 2571 lecit
670 2528 816 2571 senonen
833 2516 869 2570 ut
883 2507 1038 2585 vinceret3
1060 2529 1196 2572 nussum
1211 2505 1331 2573 flaccet

305 2672 325 2703 „
332 2623 393 2686 HS.
414 2620 529 2685 centies
549 2620 746 2684 constituunt
760 2620 792 2683 in
813 2621 1033 2707 praerogativa
1048 2617 1273 2706 pronuntiare''
1287 2617 1330 2706 ⁴).

304 2736 351 2799 Ex
374 2732 405 2798 h.
430 2731 453 2798 l.
478 2730 566 2796 alind
588 2754 690 2819 genus
717 2732 853 2798 ambitus
878 2757 945 2799 ease
968 2732 1221 2821 cognoscendum
1244 2730 1333 2797 urbi-

305 2858 373 2912 tror
397 2845 486 2910 euius
513 2843 655 2909 nondum
687 2845 869 2930 exemplum
899 2845 1048 2924 vidimus3
1073 2868 1187 2931 nempe
1209 2845 1241 2909 in
1265 2843 1334 2909 aliis

305 2957 406 3024 causis
439 2956 591 3043 suffragia
624 2969 775 3022 emuntur
805 2980 824 3021 a
859 2959 951 3022 certis
980 2957 1173 3037 hominibus,
1201 2957 1334 3023 certisve

305 3069 450 3135 tribubus
484 3091 562 3154 quas
592 3068 775 3134 candidatus
804 3070 856 3134 vel
886 3071 953 3134 cius
983 3071 1075 3135 amici
1104 3069 1266 3148 adierunt;
1299 3069 1333 3134 in

304 3194 413 3247 nostro
445 3203 520 3245 vcro
551 3180 621 3246 loco
650 3183 816 3266 pecuniam
845 3181 1038 3267 pollicentur
1065 3182 1096 3246 in
1121 3204 1190 3247 eam
1214 3181 1333 3247 tribum

306 3315 550 3380 quamcunque,
595 3315 675 3377 quac
717 3304 799 3357 sorte
844 3295 1065 3387 praerogativa
1105 3304 1167 3372 cst,
1203 3293 1230 3358 si
1262 3314 1333 3359 eam

305 3403 446 3468 tulerint.

342 3592 361 3656 Ι)
379 3593 433 3644 Cro.
453 3597 484 3644 nd
503 3596 534 3656 Q.
554 3597 583 3646 fr.
603 3599 640 3647 11.
663 3603 706 3657 15;
725 3601 813 3650 cadem
831 3601 883 3651 lero
899 3601 1018 3664 leguntur
1036 3602 1068 3650 ad
1086 3602 1141 3651 Aa.
1160 3601 1209 3651 lv.
1232 3605 1271 3650 15.

341 3677 361 3743 ²)
379 3678 448 3740 Quid
465 3685 661 3745 perpetraverint
679 3686 786 3734 Romani
805 3687 831 3735 in
849 3687 974 3747 sutt'ragiis
989 3680 1101 3736 emendis
1115 3700 1148 3735 ex
1162 3685 1188 3734 h.
1204 3685 1222 3734 1.
1238 3685 1335 3748 optimo

306 3765 367 3814 disci
385 3773 477 3828 potatu
500 3767 588 3817 soemn
607 3770 674 3818 enim
693 3771 760 3834 quod
777 3772 864 3819 Idibus
884 3771 1078 3835 uniuscuiusque
1105 3770 1198 3819 mensis
1223 3768 1336 3818 mlvebu·

306 3856 347 3898 tur
365 3858 418 3898 erat
435 3850 597 3914 duplicatum.
616 3853 647 3902 cf.
665 3867 808 3905 annumeres
827 3857 859 3905 do
876 3857 951 3904 modo
968 3856 1044 3905 I’snr.
1062 3870 1087 3918 p.
1106 3857 1156 3903 466
1175 3868 1228 3919 sqq.
1264 3852 1334 3916 Quid

307 3934 340 3983 nit
357 3934 446 3984 foenus
464 3938 580 3986 trientolo
597 3938 638 3986 rol
657 3954 689 3989 cx
708 3942 798 3991 triente
815 3942 873 3992 vido
890 3943 956 4006 apud
974 3943 1081 3992 eundem
1098 3957 1122 4006 p.
1141 3944 1183 3990 30.

342 4015 363 4082 ⁵)
381 4020 448 4069 Vide
466 4021 513 4083 Ep.
533 4021 572 4068 ad.
591 4021 663 4073 Fam.
682 4025 730 4074 VI.
748 4029 771 4074 6.

342 4102 754 4172 ⁴)01c.uuntt.1v.n§2.
816 4113 820 4118 ·
