2910 4950
793 457 855 521 toa

304 665 408 753 legem
430 665 589 752 agrariam
613 685 771 729 clastris.
818 665 955 728 cirene
978 665 1080 753 legem
1105 666 1218 734 ferenti
1236 694 1329 738 arnu-

304 800 359 843 nus
383 779 511 856 1·estitit;
536 777 632 840 armis
654 775 724 840 loro
747 775 898 862 expulsus
920 788 965 841 est
991 777 1030 865 ¹).
1066 780 1156 845 Tune
1178 781 1272 848 domo
1295 807 1331 849 se

282 940 286 948 .
305 889 437 967 abdidit,
462 889 516 952 ubl
535 888 649 952 mansit
667 909 724 972 per
743 909 802 953 vni
821 911 957 968 menses3
983 892 1060 955 ὀκτὼ
1081 898 1183 969 μηνῶν
1201 897 1233 958 οὐ
1255 919 1329 975 rspo-

305 1005 395 1076 ῆλθεν
422 1000 584 1065 ὑπατεύων
610 999 751 1088 (Βίβλος)
775 1001 815 1088 ²).
866 1001 970 1089 Igitur
999 1024 1105 1066 mense
1135 1004 1237 1089 Aprili
1266 1005 1331 1071 lata

304 1124 352 1180 est
373 1114 425 1178 lex
448 1113 574 1201 agraria
596 1134 742 1176 ennsams
767 1123 802 1176 ut
823 1135 902 1200 ager
920 1112 1101 1199 Campanus
1122 1114 1330 1196 divideretur3

305 1248 434 1291 arauaus
461 1222 605 1289 omnibus
632 1224 708 1288 actis
735 1223 876 1312 collegae
901 1224 1109 1291 obnuntiabat
1130 1225 1237 1292 edictis
1263 1227 1332 1305 ἐξὲ-

304 1362 414 1416 πεμπε
432 1336 667 1418 δικγράμμκτκ
688 1336 905 1417 &tarpeaim
923 1337 1040 1418 ἔχοντα
1056 1337 1108 1401 aul
1125 1339 1329 1419 axrnyeplxs.

299 1427 462 1516 ¹Omnibus
479 1450 627 1515 conviciis
645 1470 807 1513 eamearn
827 1450 858 1512 in
879 1450 915 1513 iis
934 1449 1040 1514 edictis
1059 1450 1331 1537 proscindebat³).

305 1563 348 1627 At
378 1583 477 1647 quum
509 1582 572 1624 non
596 1561 727 1624 iurasset
748 1561 780 1624 in
804 1559 908 1648 legem
931 1561 1104 1649 agrariam,
1135 1562 1258 1647 copiam
1281 1564 1332 1627 sui

305 1673 412 1738 facere
436 1695 500 1736 non
531 1671 722 1757 pote1·at⁴),
753 1671 886 1737 simulac
910 1674 994 1736 enim
1019 1672 1105 1737 laras
1123 1673 1235 1738 exisset
1253 1673 1331 1739 Cae·

306 1783 421 1849 sariani
452 1804 567 1848 manus
595 1784 624 1846 ei
658 1783 848 1862 inieeissent3
890 1784 987 1849 immo
1018 1783 1177 1871 cogitabat
1209 1806 1333 1851 cassan

305 1896 345 1962 de
375 1916 489 1967 arnono
520 1893 615 1958 domo
644 1916 701 1958 sua
731 1894 924 1960 extrahendo
957 1918 1013 1981 per
1040 1920 1213 1977 turinnes,
1246 1897 1334 1984 quod

306 2032 326 2076 a
347 2028 506 2076 orcanonn
525 2027 657 2072 varrmo
681 2006 707 2095 ⁵)
735 2029 792 2092 per
815 2029 909 2093 quem
932 2009 1037 2073 omnia
1056 2029 1176 2075 cassia
1199 2010 1332 2100 agebat,

305 2121 460 2188 obiicitur.

305 2307 334 2349 ut
366 2298 490 2349 Senatum
521 2302 640 2359 cogerent
670 2296 716 2344 siti
748 2294 932 2359 obtemperare
959 2308 1061 2346 ennean
1087 2297 1174 2346 codem
1201 2299 1333 2362 processit;

307 2386 417 2449 primum
440 2383 522 2445 coegit
544 2382 692 2437 Senatores;
710 2388 856 2430 cunctanter
878 2381 995 2430 nonnulli
1012 2380 1124 2430 fecerunt
1140 2383 1208 2446 quod
1225 2383 1333 2446 postula

305 2471 387 2519 batur.
422 2467 475 2516 Dio
492 2479 595 2516 eassms
614 2465 774 2513 xxxvffl.
792 2467 814 2512 t.
849 2464 940 2513 Fertur
958 2478 1052 2514 arcano
1069 2466 1171 2515 tetidem
1189 2466 1335 2531 eloquentia

306 2570 353 2603 sua
376 2552 483 2602 movisse
507 2564 631 2599 aaronita
654 2558 682 2597 ut
704 2550 797 2598 iuraret
820 2549 846 2597 in
866 2549 1280 2612 tegem.12rrr.0ato.1t1in.aa.
1300 2566 1335 2602 ex

307 2653 358 2703 qno
381 2637 437 2686 loeo
461 2635 624 2699 explicandus
641 2640 680 2683 est
700 2647 749 2682 ere.
771 2649 795 2697 p.
820 2634 884 2684 Sest.
904 2639 937 2683 28
956 2634 969 2700 i
987 2639 1028 2684 61.
1056 2651 1084 2685 ιι.
1103 2651 1240 2688 terranea
1257 2652 1335 2687 enra-

307 2735 398 2774 unnsrs
416 2721 520 2778 restitit,
539 2728 613 2782 atque
631 2733 646 2767 a
663 2719 783 2782 petitione
800 2719 902 2768 destitit.
921 2727 951 2769 tr.
969 2719 1003 2783 pl.
1022 2735 1045 2768 a.
1062 2735 1087 2769 ιι.
1105 2737 1127 2770 e.
1146 2725 1205 2770 695.
1221 2738 1237 2771 a
1251 2721 1281 2772 C.
1291 2727 1333 2772 59.

307 2808 367 2857 vide
384 2811 533 2855 eademnam
557 2818 597 2867 op.
621 2802 638 2851 l.
657 2819 681 2867 p.
701 2807 760 2850 481.
779 2815 828 2852 erc.
847 2803 878 2851 ad
893 2803 948 2852 Att.
968 2804 1003 2852 11.
1023 2809 1052 2852 18
1073 2807 1088 2868 ς
1108 2811 1131 2854 2.
1150 2821 1174 2870 p.
1192 2807 1281 2856 Plane„
1301 2812 1333 2856 22

309 2892 324 2953 5
343 2896 384 2939 52.
419 2889 461 2938 Ex
478 2888 568 2951 quibus
585 2886 646 2935 loeis
664 2894 766 2949 apparet
782 2896 905 2951 quantum
923 2888 973 2936 iam
991 2902 1093 2938 cassan
1110 2890 1206 2940 valeret
1223 2906 1254 2940 eo
1274 2898 1335 2940 tem·

308 2975 413 3039 poroin
432 2972 622 3035 magistratuum
640 2972 773 3020 creatione.
808 2972 901 3022 Sanxit
924 2973 1000 3021 otiam
1023 2973 1078 3036 lego
1100 2989 1145 3024 sua
1165 2983 1193 3024 ut
1210 2976 1337 3026 candidati

307 3073 408 3124 quoque
435 3059 461 3106 in
488 3056 571 3119 legam
598 3056 720 3114 innarenn
745 3056 791 3119 qui
816 3070 887 3105 secus
911 3056 1009 3106 iecisset
1028 3072 1045 3107 a
1061 3060 1182 3122 petitione
1198 3061 1334 3110 desisteret

306 3146 386 3195 Soar.
404 3142 476 3193 Caes.
496 3146 537 3189 23.
573 3140 616 3187 Ex
639 3140 759 3203 eoquod
781 3152 940 3189 narmiensis
964 3155 980 3188 a
1004 3141 1124 3204 petitione
1146 3143 1241 3193 destitit
1261 3150 1336 3208 atqm

308 3237 396 3294 postea
411 3226 507 3275 Romae
524 3224 633 3282 mansit,
651 3224 756 3273 oonlielo
774 3238 832 3274 eum
850 3240 901 3275 non
918 3225 1011 3288 cepisse
1027 3235 1188 3290 quaesturam
1201 3236 1336 3294 antequam

310 3323 341 3364 tr.
360 3312 394 3378 pl.
413 3310 490 3375 petiit.
525 3309 593 3358 Nam
613 3308 634 3356 si
651 3317 768 3372 quaestor
787 3308 886 3368 tuissm,
905 3309 1013 3359 Senator
1031 3319 1095 3360 esset
1111 3312 1202 3362 faetus:
1219 3313 1242 3363 ai
1258 3313 1336 3364 Sena-

308 3405 364 3455 tor,
390 3394 514 3443 debuisset
540 3391 622 3439 imaro
647 3391 674 3440 in
701 3392 800 3455 legem:
826 3394 894 3457 qnod
917 3394 940 3443 si
967 3394 1046 3444 nollet
1068 3396 1096 3444 in
1121 3411 1248 3448 carcerem
1274 3404 1337 3447 enat

308 3481 442 3530 coniectus.

345 3564 365 3628 ¹)
382 3564 464 3615 Paua.
482 3561 571 3624 Pomp.
591 3564 632 3609 48.
659 3559 737 3610 Smer.
756 3560 828 3610 Caes.
847 3566 888 3609 2ο.

344 3647 368 3711 ²)
384 3649 465 3698 Paua.
484 3645 528 3695 1.1.

344 3731 365 3795 ⁶)
383 3733 463 3782 Sese.
480 3730 552 3779 Caes.
571 3732 612 3777 49.

347 3815 369 3881 ⁴)
386 3815 491 3878 capiam
514 3813 552 3862 sui
576 3828 627 3860 non
646 3810 718 3871 facit,
739 3812 784 3875 qui
802 3811 931 3861 neminem
948 3813 981 3863 ad
997 3828 1024 3864 se
1041 3815 1164 3874 admittit,
1180 3816 1225 3879 qui
1239 3830 1266 3866 se
1281 3830 1338 3866 eon·

312 3904 373 3968 spici
397 3916 449 3950 non
472 3898 577 3961 patitur;
600 3896 641 3944 hie
665 3896 690 3944 in
715 3896 753 3945 ius
776 3897 860 3945 roeeri
880 3912 932 3947 non
949 3907 1038 3962 potest.
1072 3900 1126 3950 Ubi
1142 3908 1227 3951 nmen
1245 3915 1279 3951 ex
1296 3916 1340 3966 pa·

312 3989 379 4039 blieo
401 3983 550 4046 conspicitur
573 3995 596 4028 v.
615 3996 636 4029 e.
660 3981 703 4029 ubi
726 3996 759 4030 ex
777 3982 885 4032 fenestra
903 3987 1033 4049 prospicit,
1050 3995 1131 4051 potest
1147 3989 1175 4038 in
1192 3989 1230 4039 ius
1247 3988 1339 4041 voeari.

312 4074 331 4124 1.
350 4076 389 4121 18.
410 4073 451 4117 20.
469 4066 495 4115 ff.
514 4063 544 4113 de
560 4064 586 4113 ia
602 4063 641 4111 ius
653 4064 767 4116 vocando.
790 4067 807 4116 l.
830 4072 868 4117 19.
887 4069 913 4118 ff.
932 4072 1027 4121 eodem.

348 4153 369 4219 ⁶)
386 4153 443 4204 Cic.
461 4152 521 4200 Vat.
540 4153 564 4198 9.
582 4149 595 4213 §t
613 4153 654 4198 21.
674 4155 716 4199 22.
