2910 4950
665 423 797 432 *-

217 647 346 713 scientia
379 645 556 724 historiam,
593 646 643 710 vel
677 649 744 712 sine
778 647 922 725 historia,
963 649 1096 716 alicuius
1133 654 1243 739 populi

217 823 303 915 leges
325 837 409 892 recte
433 825 612 915 intelligere
636 837 667 892 et
690 850 880 916 cognoscere
903 829 1034 897 studeat.

259 1005 368 1086 Quum
386 1029 510 1093 semper
528 1005 667 1072 studium
688 1008 770 1072 luris
788 1009 923 1073 Romani
943 1010 1148 1077 coniunctum
1167 1032 1243 1079 cum

136 1216 138 1220 ·
214 1184 372 1250 veteribus
394 1185 516 1251 Litteris
540 1184 616 1250 mihi
640 1185 812 1272 placuerit,
837 1197 987 1275 pergrata
1009 1189 1122 1255 accidit
1145 1214 1241 1276 quae·

213 1365 272 1429 stio
299 1387 317 1429 a
343 1363 416 1431 nob.
445 1364 565 1431 Ordine
592 1365 732 1468 lctorurn
756 1366 788 1430 in
812 1364 908 1431 Acad.
932 1365 1242 1433 Rheno-Traiectina

213 1544 387 1631 proposita,
412 1543 444 1608 iu
469 1565 532 1628 qua
551 1541 736 1629 explicanda
757 1545 873 1607 virium
893 1545 1072 1630 periculum
1092 1545 1239 1613 facerem.

257 1722 397 1787 Simulac
427 1722 495 1786 aliis
529 1720 636 1786 studiis
671 1719 811 1787 districto
845 1720 950 1800 licuit,
987 1745 1118 1789 manum
1152 1727 1239 1811 operi

212 1902 337 1969 admovi
345 1927 353 1982 ;
386 1901 440 1967 sed
471 1900 556 1986 quod
585 1900 687 1966 laetus
717 1901 939 1967 inchoaveram
971 1926 1065 1989 opus,
1099 1906 1195 1970 tristis
1221 1931 1238 1970 e

212 2081 356 2149 manibus
386 2080 452 2146 fere
481 2079 564 2146 elabi
593 2081 666 2159 sivi,
699 2090 768 2145 tum
798 2081 884 2166 quod
914 2082 976 2146 alia
1009 2085 1237 2171 impedimento

212 2262 358 2341 fuerunt,
390 2271 458 2327 tum
489 2262 673 2348 praesertim
703 2260 788 2346 quod
818 2260 973 2340 intellexi,
1008 2286 1104 2348 quam
1134 2265 1238 2350 impar

210 2442 252 2509 ed
273 2442 356 2508 hanc
380 2441 594 2528 quaestionem
618 2440 815 2505 tractandam
838 2441 1033 2508 accesserim.

255 2622 319 2703 Qui
342 2643 471 2708 operam
494 2618 569 2684 dare
588 2620 781 2705 inceperam,
806 2620 896 2684 nolui
915 2631 1021 2686 tamen
1041 2643 1126 2699 rem,
1151 2632 1238 2687 aute·

211 2824 324 2889 quam,
356 2799 432 2887 quid
461 2823 582 2886 possem
612 2798 852 2880 intellexissem,
886 2800 1020 2866 abiicere
1052 2809 1084 2865 et
1118 2800 1162 2865 sic
1198 2798 1239 2863 ad

209 2980 464 3068 qualemcunque
493 2979 588 3045 finem
613 2980 779 3067 pervenire
801 2981 924 3060 studui,
949 3004 1014 3067 quo
1036 3004 1137 3067 quum
1163 3004 1237 3069 per·

210 3162 379 3237 venissem,
410 3157 569 3246 permulta
592 3159 714 3245 opellae
738 3183 827 3226 meae
851 3157 958 3224 deesse
980 3156 1079 3243 probe
1102 3157 1234 3244 agnovi;

210 3295 353 3404 videbam
376 3337 535 3424 permulta
558 3362 710 3406 essenon
733 3338 807 3405 satis
830 3336 993 3425 expedita,
1019 3335 1081 3402 alie
1103 3334 1237 3402 fortasse

210 3517 293 3586 male
314 3517 499 3599 diiudicata,
527 3519 578 3586 vel
601 3541 769 3607 perperam
791 3517 922 3604 scripta,
954 3515 1040 3603 quod
1067 3517 1101 3582 in
1123 3518 1237 3586 iuvene

210 3697 300 3765 aliter
322 3697 390 3764 fieri
413 3699 466 3765 vix
487 3708 598 3786 potest.

254 3879 348 3962 Quod
377 3879 472 3948 aliam
502 3903 572 3945 sum
599 3880 632 3944 in
659 3877 720 3945 hac
743 3878 1012 3947 commentatione
1035 3892 1161 3948 secutus
1184 3881 1236 3947 di-

208 4061 443 4141 stributionem,
468 4082 563 4148 quam
586 4057 654 4126 fieri
677 4057 756 4126 solet
777 4060 809 4126 in
838 4060 915 4128 iuris
944 4062 1079 4129 Romani
1107 4060 1236 4127 historia
