2910 4950
776 395 839 461 192

292 603 408 670 Iuliam
432 603 550 670 factum
575 614 630 671 est.
683 605 723 670 nt
745 604 902 670 stabilitur
927 604 1033 690 opinio
1055 625 1093 669 ea
1115 603 1231 672 diserto
1253 615 1317 674 tes-

292 717 422 784 timonio
441 717 605 806 n10n1s1),
629 727 714 783 certe
737 719 762 783 si
779 717 874 783 fidem
896 716 999 782 verbis
1018 741 1049 784 v.
1067 740 1170 782 curru
1185 717 1317 798 habeas,

291 829 345 895 sed
367 829 421 895 iile
443 828 550 895 locum
569 853 633 895 non
657 829 826 909 intellexit3
857 850 931 895 nam
953 827 1038 914 apud
1062 852 1183 896 nronrrr
1207 831 1251 897 sic
1270 830 1316 897 le-

292 940 393 1028 gitur:
430 939 483 1003 κοοὶ
517 939 568 1003 τὸν
600 943 659 1003 τῶν
692 940 956 1021 συναγορευόντων
987 940 1122 1022 ἑκατέρῳ
1153 942 1196 1022 τῷ
1230 941 1316 1023 μέρει

291 1052 419 1131 ἀριθμὸν
454 1050 569 1134 ἄν’ρνσεν,
598 1050 677 1117 ὥστε
709 1053 753 1130 μὴ
783 1052 840 1116 ὑπὸ
867 1057 921 1116 τοῦ
952 1052 1086 1127 πλήθους
1118 1055 1220 1116 αὐτῶν
1245 1055 1316 1127 τοὺς

291 1161 446 1235 δνκοοστάς
467 1164 702 1245 θορυβουμένους
723 1163 982 1245 ἐκταράττεσθαι.
1006 1162 1184 1228 Noucredo
1200 1163 1319 1230 iudices
1361 1168 1363 1173 ’

291 1271 442 1340 deterreri
465 1285 496 1340 et
516 1284 657 1341 metuere
677 1277 812 1362 coepisse
830 1277 856 1341 si
878 1297 907 1340 v.
926 1298 953 1341 c.
974 1298 1008 1339 vr
1027 1276 1152 1360 patroni
1171 1299 1226 1341 reo
1243 1276 1317 1342 ade-
1383 1282 1387 1291 ‘

291 1394 374 1452 rant.
417 1388 526 1473 Neque
549 1388 688 1473 patroni,
708 1386 819 1465 crede,
843 1387 963 1472 utrique
979 1388 1069 1472 parti
1091 1387 1218 1467 adsunt,
1243 1389 1317 1453 ἑκον-

289 1496 364 1578 τέρῳ
386 1498 429 1577 τῷ
448 1497 552 1579 μέρεος
577 1499 636 1563 nisi
659 1498 739 1563 forte
758 1498 828 1585 quis
851 1507 942 1584 putat
960 1499 1135 1564 accusatori
1153 1522 1218 1564 esse
1239 1522 1319 1586 opus

250 1632 255 1641 ·
289 1611 443 1695 patronis3
477 1609 735 1690 concrepatione
759 1619 833 1675 sunt
855 1612 995 1676 advocati
1023 1604 1079 1697 qui
1101 1612 1317 1690 consentiunt,

290 1722 346 1807 qui
376 1722 556 1807 conspirant
583 1745 657 1788 cum
686 1724 740 1801 iis,
772 1723 827 1809 qui
854 1744 981 1788 causam
1004 1734 1106 1811 agunt
1127 1722 1179 1789 vel
1196 1722 1316 1793 dicunt.

290 1833 368 1900 Voc.
395 1834 541 1898 Latinum
570 1833 699 1899 fortasse
726 1833 850 1899 induxit
872 1858 903 1902 v.
927 1857 1031 1899 nonar
1058 1835 1091 1899 in
1113 1838 1263 1902 errorem.
1285 1835 1313 1925 ²)

290 1945 381 2026 Quae
414 1944 478 2010 dixi
513 1946 629 2033 optime
662 1946 890 2012 confirmantur
919 1968 956 2012 ea
986 1947 1126 2012 oratioue
1153 1969 1319 2025 nicanoris

291 2079 372 2143 quae
395 2056 501 2122 habita
523 2070 570 2124 est
592 2059 632 2124 ad
654 2080 800 2123 normam
822 2059 938 2124 horum
960 2057 1149 2124 iudiciorum
1167 2057 1319 2124 brevioris

291 2166 431 2247 formae,
464 2192 579 2257 nempe
609 2193 668 2257 pro
697 2193 832 2248 arnone,
864 2193 919 2236 reo
947 2169 986 2234 de
1011 2170 1042 2235 vi
1065 2170 1119 2233 ubi
1142 2179 1249 2236 orator
1270 2170 1317 2235 di-

291 2289 374 2346 serte
403 2278 519 2347 indicat
542 2282 643 2348 multo
667 2282 821 2348 minorem
844 2305 910 2347 esse
932 2303 1044 2347 eorum
1067 2304 1238 2347 numerum
1262 2282 1318 2368 qui

292 2391 457 2457 consilium
504 2403 536 2458 et
580 2403 738 2459 oratorem
782 2392 1037 2471 circumdabant,
1078 2417 1178 2479 quum
1217 2393 1316 2459 dicat:

291 2511 425 2584 „tamen
449 2500 526 2568 haec
549 2504 624 2569 novi
646 2503 752 2569 iudicii
770 2525 854 2568 nova
873 2503 974 2568 forma
998 2515 1095 2569 terret
1117 2504 1240 2582 oculos,
1262 2507 1318 2590 qui

292 2635 513 2700 „quocunque
534 2613 727 2692 inciderunt,
760 2625 897 2680 veterem
922 2616 1178 2682 consuetudinem
1202 2614 1318 2683 feriet

291 2726 486 2813 „pristinum
522 2749 643 2792 morem
676 2725 865 2794 iudiciorum
899 2729 1078 2813 requirunt
1132 2730 1203 2793 Non
1232 2729 1317 2794 enim

292 2860 437 2921 „corona
471 2861 634 2904 concessus
668 2848 769 2905 vester
803 2839 923 2906 cinctae
956 2851 1003 2905 est
1031 2879 1076 2891 —-
1108 2863 1173 2907 nou
1204 2840 1318 2906 usitata

292 2997 311 3032 ,‚
320 2948 497 3035 frequentia
510 2937 624 3038 etipati
646 2952 776 3018 sumus”
799 2949 839 3039 3).

335 3064 407 3126 Huc
429 3064 523 3128 etiam
546 3064 712 3130 referenda
734 3075 809 3129 sunt
831 3063 1136 3152 verbanrrmn1⁸):
1161 3063 1211 3130 iva
1224 3065 1316 3144 τεροὶν

293 3173 426 3240 delcetat
453 3177 479 3239 oi
509 3176 656 3240 δικονστοοὶ
682 3177 776 3248 αὐτὸς
810 3175 986 3266 (ponemus)
1018 3177 1133 3253 οοίντοὺςΙ
1155 3177 1316 3242 ἐπώπτευε

294 3287 445 3368 στροοτνοὶν
467 3287 744 3368 περιστησάμενος.
791 3290 860 3353 Non
888 3288 919 3353 id
946 3288 1019 3353 fecit
1047 3300 1131 3354 certa
1158 3299 1194 3352 ut
1217 3301 1318 3353 terro-

293 3419 376 3475 rem,
401 3421 496 3483 quem
519 3397 673 3464 iudicibus
690 3400 862 3465 iniecerant
879 3401 1017 3487 patroni,
1036 3399 1161 3466 tolieret
1179 3412 1219 3487 ⁵).
1243 3401 1320 3464 Erat

329 3584 420 3651 ¹)D10
438 3600 540 3637 cassies
558 3588 616 3637 XL.
636 3593 677 3638 52.

330 3666 401 3735 1)Ιη
423 3673 530 3722 cundem
550 3689 659 3724 emerem
678 3667 764 3725 incidit
781 3689 934 3725 norcunun.
956 3690 996 3739 op.
1015 3675 1032 3724 1.
1051 3690 1075 3738 p.
1095 3679 1154 3724 420.

330 3751 351 3821 ³)
368 3756 423 3806 Cre.
448 3773 472 3820 p.
497 3758 554 3807 Mil.
577 3764 585 3808 l
608 3760 620 3821 (i
641 3765 662 3808 1.
703 3762 762 3810 Non
787 3768 840 3810 erat
862 3760 938 3823 igitur
961 3760 1021 3809 novi
1043 3760 1128 3809 iudicii
1152 3773 1217 3808 nova
1239 3756 1322 3807 formo

296 3829 496 3893 cirnaordinmia
520 3852 549 3893 nt
574 3846 660 3894 moitis
677 3846 758 3894 visum
777 3854 821 3895 cst.
857 3846 923 3894 Tne.
942 3846 1009 3895 Dial.
1024 3847 1057 3895 de
1070 3860 1113 3894 ου.
1128 3861 1150 3895 c.
1167 3848 1208 3894 38.
1242 3844 1321 3895 Recte

296 3927 328 3976 de
346 3940 377 3976 ea
393 3941 421 3976 re
439 3930 580 3992 exposuisse
598 3929 695 3979 videtur
712 3943 783 3979 euru
801 3945 842 3993 op.
860 3929 877 3979 i.
895 3944 921 3994 p.
940 3931 998 3980 211.
1018 3934 1068 3978 322
1087 3943 1140 3994 sqq.

331 4007 352 4075 ⁴)
370 4011 438 4061 Arc.
457 4014 488 4061 B.
506 4012 535 4062 C.
554 4014 591 4062 11.
611 4018 651 4062 24.
897 3999 902 4007 ’

333 4090 353 4157 ⁵)
370 4093 425 4146 cic
442 4110 467 4158 p.
486 4095 542 4144 Mil.
562 4100 572 4143 1
593 4095 606 4159 ρ
624 4100 648 4156 a,
665 4102 690 4145 a.
