2910 4950
404 790 471 858 Lea
492 790 628 872 Ιιίσίπία,
653 797 695 879 de
713 796 871 863 sodaliciis.
899 797 925 884 ¹)

493 944 519 980 n.
537 946 562 981 n.
581 944 604 981 c.
624 935 682 981 699.
700 945 726 982 Α.
744 932 773 983 C.
793 938 834 982 55.

198 1082 277 1163 „Cra
302 1103 450 1147 nuancms
473 1083 500 1170 ²)
537 1085 652 1169 petitus
684 1093 731 1148 est
763 1105 837 1148 reus
866 1082 905 1148 de
930 1082 1084 1151 sodaliciis
1106 1084 1178 1174 lege

151 1192 310 1274 ‚‚Licinia,
336 1215 431 1279 quam
455 1217 488 1260 u.
506 1216 642 1261 uicinius
665 1216 810 1273 caussas,
835 1218 963 1261 rounam
986 1219 1088 1261 uacus
1110 1198 1176 1264 col·

150 1303 248 1392 „lega
280 1309 314 1369 in
344 1304 510 1371 consulatu
540 1330 597 1372 suo
627 1305 797 1392 pertulit,’'
836 1306 912 1388 (nou
942 1305 1068 1372 additur
1092 1309 1124 1374 in
1152 1332 1177 1375 11

149 1415 329 1502 consulatu)
366 1426 428 1497 „ut
459 1418 651 1482 severissime
682 1427 887 1503 quaereretur
915 1418 948 1482 in
976 1441 1030 1484 eos
1065 1418 1177 1485 candi-

149 1524 280 1608 „datos‚
311 1528 367 1613 qui
396 1527 453 1592 sibi
481 1528 697 1594 conciliassent
725 1551 763 1594 ea
792 1530 987 1616 potissimum
1016 1527 1054 1594 de
1082 1552 1177 1597 causa

149 1648 213 1719 „ut
250 1660 308 1724 per
345 1638 415 1704 illos
451 1641 597 1725 pecunia·
619 1639 788 1705 tribulibus
822 1639 1021 1728 dispertirent
1049 1664 1086 1708 ac
1118 1642 1176 1708 sibi

147 1759 286 1831 „mutuo
308 1749 417 1815 eadem
440 1752 674 1839 suffragationis
695 1762 798 1817 emtae
822 1752 976 1838 praesidia
989 1754 1175 1840 communi·

147 1861 314 1943 „carent”
360 1865 427 1928 Hoc
443 1863 513 1929 loco
530 1865 631 1951 igitur
650 1862 780 1928 docetur
798 1864 830 1927 in
847 1887 926 1949 quos
945 1863 1022 1928 haec
1040 1863 1092 1929 lex
1111 1864 1175 1931 lata

148 1971 254 2038 fuerit.
296 1974 454 2038 Monaesen
479 1974 506 2062 ³)
544 1976 588 2039 sic
610 1974 732 2039 scribit:
768 1984 862 2059 „post
885 1974 1075 2040 vocabulum
1099 1997 1174 2041 con·

145 2082 329 2165 „ciliassent
361 2084 495 2149 verbum
525 2083 651 2149 videtur
679 2083 828 2148 excidisse
857 2083 943 2169 quod
972 2088 1090 2150 sedatae
1122 2084 1174 2152 vel

145 2197 282 2278 ‚,amieoa
310 2195 404 2260 fuisse
434 2205 522 2282 puto.
571 2194 756 2261 Candidutoa
778 2195 834 2279 qui
860 2194 1022 2281 suppleret
1042 2195 1082 2261 ad
1105 2197 1174 2261 coi·

143 2308 286 2390 „tionem
320 2305 559 2373 candidatorum
592 2329 661 2372 rem
696 2315 901 2373 converteret.
934 2305 961 2393 ⁴)
1010 2306 1173 2373 Candidati

143 2419 253 2500 „enim
283 2441 347 2484 nou
378 2418 587 2492 coriciliantur
616 2429 653 2482 ut
674 2440 731 2505 per
754 2418 825 2482 illos
848 2419 982 2505 pecunia
1005 2418 1173 2484 tribulibus

142 2528 385 2616 ‚,dispertiatur;
416 2528 515 2594 verba
544 2539 652 2616 aperte
680 2529 858 2618 significant
879 2530 1037 2596 ministros
1058 2541 1090 2596 et
1112 2529 1171 2596 ad-

141 2641 284 2723 „iutores
316 2643 350 2706 iu
379 2640 576 2728 largiendo.''
623 2644 707 2707 Haec
736 2642 807 2719 ille,
840 2642 954 2728 quibus
983 2645 1172 2728 superstruit

140 2773 231 2817 suam
268 2750 526 2837 disputationem,
564 2771 646 2838 quae
679 2776 720 2817 ex
753 2753 840 2817 omni
873 2766 962 2839 parte
996 2776 1070 2818 vera
1104 2775 1170 2819 essa

141 2863 268 2949 nequit,
304 2863 419 2948 quippe
453 2862 532 2927 falso
564 2864 638 2927 nixa
671 2873 871 2950 argumente.
925 2864 1057 2933 Videtur
1091 2864 1169 2933 haec

141 2976 324 3041 coniectura
352 2997 416 3039 nou
448 2995 513 3039 esse
550 2973 746 3058 accipienda;
788 2995 862 3038 nam
900 2973 1054 3060 quidquid
1087 2977 1168 3042 inse·

138 3108 190 3152 ras
223 3086 255 3154 h.
284 3085 305 3152 l.
348 3096 418 3173 post
454 3108 523 3152 voe.
559 3085 792 3164 conciliassent,
830 3085 902 3152 vide
937 3097 974 3152 ut
1007 3087 1168 3155 conciliari

139 3180 258 3286 possinl:
287 3221 361 3264 cum
384 3197 502 3263 ultimis
524 3219 612 3264 vocc.
635 3223 696 3282 „ac
718 3199 775 3263 eibi
796 3210 898 3264 mutuo
920 3202 1026 3265 eadem
1048 3200 1166 3265 suffra-

139 3310 299 3399 „gationis
321 3321 444 3397 emptae
466 3309 619 3396 praesidia
642 3310 946 3378 communicarent.''
986 3315 1071 3378 Haec
1093 3321 1167 3378 sunt

137 3424 203 3488 sine
230 3423 297 3489 ulla
320 3423 513 3489 dubitatione
536 3423 701 3490 referenda
723 3424 762 3490 ad
786 3426 970 3507 coitionem;
996 3451 1090 3493 nemo
1110 3451 1165 3494 ne·

138 3533 241 3622 gabit3
263 3534 347 3621 quod
370 3536 394 3600 si
410 3535 466 3601 illa
484 3536 577 3601 coitio
596 3559 660 3602 non
676 3538 811 3624 pertinet
829 3537 867 3602 ad
891 3538 994 3626 legem
1014 3540 1164 3605 Liciniam

135 3645 182 3711 nil
215 3657 356 3732 superest
389 3669 485 3733 quam
520 3659 556 3713 ut
585 3647 695 3714 falsam
729 3647 812 3713 hanc
844 3648 1023 3734 opinionem
1056 3648 1162 3716 Schol.

171 3858 190 3923 ¹)
207 3861 247 3910 Da
264 3860 388 3910 sodaliciis
405 3859 455 3909 vid.
474 3871 594 3909 naum.
612 3858 661 3910 VI.
680 3874 705 3923 p.
722 3861 754 3908 47
773 3872 826 3922 sqq.

170 3939 190 4007 ²)
208 3942 294 3995 Schol.
313 3945 378 3993 Bob.
396 3960 421 4008 p
438 3957 481 3993 or„
501 3948 559 3993 253.

171 4025 191 4093 ³)
208 4028 356 4078 Marmara.
375 4044 414 4094 op.
433 4029 450 4078 l.
469 4045 493 4092 p.
510 4032 551 4077 55.

169 4110 189 4177 ¹¹⁸)
207 4112 271 4177 [Sed
284 4114 358 4178 quid,
371 4114 393 4164 si
406 4113 468 4164 haec
481 4111 624 4177 accipienda
637 4118 696 4162 sunt
706 4112 738 4162 de
746 4110 882 4163 candidatis
891 4110 998 4161 aliorum
1006 4111 1162 4177 honomrnl]
