2910 4950
697 387 739 450 98

207 592 352 659 consules
381 601 471 657 erant
497 592 522 680 ¹)
559 590 746 657 censoribus
775 614 852 657 vcro
881 616 995 658 eramo
1028 603 1060 658 ot
1090 617 1234 660 nturuno

209 705 360 770 iudicium
381 706 552 771 Iunianum
573 706 637 770 iam
659 715 823 791 peractum
845 717 929 786 ernt;
954 728 1030 771 nam
1053 707 1075 770 ii
1097 707 1235 772 subscri-

208 829 339 904 pserunt
360 819 393 883 in
416 817 534 883 iudices
552 817 687 905 pecunia
710 828 875 903 corruptos
891 828 967 883 nota
986 829 1017 882 et
1035 817 1235 885 animadver-

145 916 149 923 ’
210 931 296 995 sione
319 953 377 994 sua
400 930 542 994 censoria
562 934 603 1017 ²).

254 1041 358 1106 Notati
385 1051 460 1106 suut
492 1041 593 1127 igitur
619 1062 639 1104 a
664 1062 779 1106 onnmo
809 1049 841 1105 et
876 1063 1018 1105 ruarmo
1052 1041 1236 1114 censoribus

211 1176 239 1219 a.
260 1178 293 1219 u.
314 1177 342 1220 c.
368 1154 443 1219 684.
468 1153 553 1238 quod
583 1154 749 1239 pecuniam
779 1154 958 1238 acceperint
987 1153 1027 1217 ob
1055 1176 1122 1218 rem
1149 1153 1237 1219 iudi-

211 1263 359 1330 candam:
385 1264 416 1329 id
436 1265 606 1330 adversarii
624 1287 772 1330 coururu
791 1263 984 1329 confundere
997 1265 1145 1329 solebant
1162 1287 1237 1330 cuna

212 1375 329 1441 iudicio
351 1376 390 1440 ‹le
412 1376 533 1441 ambitu
556 1377 588 1442 in
605 1400 669 1462 quo
688 1400 845 1451 rumonus
864 1399 1015 1441 commun
1035 1376 1175 1443 laudavit
1195 1377 1236 1465 ³).

214 1490 277 1552 Lex
311 1487 482 1572 Calpurnia
517 1488 581 1552 lata
615 1498 661 1553 cst
696 1511 724 1555 a.
756 1511 789 1554 u.
821 1511 848 1556 c.
882 1491 956 1555 687.
1015 1490 1149 1554 Causam
1180 1512 1239 1576 pro

213 1622 370 1666 censurio
390 1622 505 1665 orcruo
526 1599 604 1665 dixit
621 1622 650 1666 a.
670 1622 703 1667 ιι.
723 1623 750 1667 c.
766 1601 840 1667 688.
856 1600 882 1689 ⁴)
921 1600 1023 1688 Igitur
1035 1601 1060 1665 si
1072 1623 1147 1665 vera
1160 1609 1240 1665 esset

213 1735 324 1778 eorum
347 1712 470 1797 opinio,
495 1711 550 1795 qui
572 1722 716 1777 statuunt
738 1713 878 1798 praemia
900 1723 1097 1778 accusatores
1119 1735 1238 1777 verimi

213 1836 245 1890 et
274 1847 400 1890 norrun
427 1825 581 1909 accepisse
604 1847 643 1888 ex
666 1823 737 1911 lege
760 1823 931 1909 Calpurnia
953 1848 1078 1889 neccsse
1100 1834 1182 1889 esset
1202 1833 1240 1888 ut

214 1937 270 2002 illa
295 1935 411 2001 iudicia
440 1934 479 1999 de
502 1934 622 1999 ambitu
645 1934 775 2000 fuissent
798 1935 905 2000 habita
927 1934 1036 2000 eodem
1064 1935 1131 2000 fere
1154 1946 1239 2000 tem·

216 2072 307 2136 pore,
339 2070 403 2133 quo
435 2069 544 2111 caussa
570 2045 755 2110 Cluentiano
784 2046 867 2130 ipsa;
898 2043 952 2109 sed
979 2045 1049 2129 quis
1075 2056 1241 2111 accusator

216 2161 348 2248 cogitari
371 2168 488 2245 potest,
513 2158 568 2243 qui
590 2179 680 2221 suam
700 2158 931 2221 accusationem
953 2156 996 2221 sic
1012 2157 1077 2241 ipse
1096 2157 1244 2242 perderet

217 2274 323 2359 inepta
345 2271 579 2345 criminatione,
604 2279 641 2331 ut
657 2290 708 2332 res
730 2268 875 2332 misceret
898 2267 995 2332 factas
1017 2279 1089 2332 ante
1106 2291 1168 2333 vm
1192 2268 1243 2333 vel

216 2385 346 2451 minime
378 2406 400 2447 v
432 2402 530 2446 annos
561 2402 635 2443 cum
664 2379 718 2456 iis,
755 2401 837 2464 quae
867 2379 926 2443 sub
955 2379 1059 2463 ipsum
1088 2379 1243 2445 iudicium

218 2495 441 2560 Cluentianum
465 2490 666 2556 accidissent?
712 2491 898 2576 Ceteroquin
923 2490 980 2555 illa
996 2491 1111 2556 iudicia
1129 2491 1169 2558 ob
1189 2515 1243 2578 pe-

219 2607 345 2671 cuniam
377 2612 538 2689 acceptam
568 2613 600 2666 et
629 2600 668 2665 de
698 2602 819 2667 ambitu
848 2625 965 2668 romeu
994 2616 1026 2668 et
1054 2626 1181 2668 curras
1211 2605 1245 2670 in

220 2717 302 2782 idem
332 2725 456 2801 tempus
478 2711 621 2777 incidisse
647 2712 720 2776 satis
741 2712 899 2777 indicatur
921 2711 1005 2777 hisce
1027 2712 1130 2777 verbis
1152 2736 1246 2779 crcu-

218 2827 372 2916 nou1s⁵):
398 2827 627 2912 „Quapropter
645 2825 803 2889 neminem
822 2823 967 2889 dubitare
986 2824 1145 2903 existimo,
1167 2827 1246 2911 quin

221 2941 304 3023 „illa
322 2940 482 3005 damnatio
498 2938 633 3003 ambitos
655 2936 745 3000 nullu
761 2960 800 3000 ex
816 2948 905 3023 parte
924 2960 997 3002 cum
1017 2960 1111 3002 causa
1129 2960 1246 3003 conrn-

223 3077 295 3136 „mr
306 3063 472 3138 rostroque
485 3048 600 3114 iudicio
612 3050 781 3114 coniuncta
793 3073 857 3114 esse
869 3048 1001 3136 possit,”
1025 3049 1160 3137 [collatis
1171 3074 1246 3117 cum

224 3168 278 3244 iis,
299 3187 381 3251 quae
399 3163 554 3249 leguntur
566 3165 619 3227 47.
633 3165 648 3244 ᾗ
663 3162 726 3226 132
739 3160 841 3249 ibid.].
877 3166 955 3226 Rern
969 3164 1148 3228 accuratius
1161 3176 1248 3229 trac-

224 3277 304 3342 tanti
330 3273 463 3340 dubium
494 3295 560 3337 esse
586 3271 677 3338 nullo
707 3272 801 3338 modo
831 3282 932 3358 potest
957 3294 1027 3336 earn
1055 3294 1183 3338 causam
1210 3273 1249 3339 de

226 3388 348 3453 ambitu
378 3395 480 3450 actam
513 3408 579 3450 esse
612 3394 685 3450 ante
713 3384 817 3472 legem
845 3384 1048 3471 Calpurniam
1080 3394 1112 3449 et
1142 3397 1248 3452 tamen

259 3573 280 3638 ¹)
298 3573 353 3624 Cle.
372 3588 396 3636 p.
414 3571 514 3623 Cluent.
533 3577 548 3621 3
567 3573 580 3637 §a
599 3576 622 3622 7.

260 3656 280 3722 ²)
300 3658 359 3709 t'id.
378 3673 402 3706 v.
421 3674 442 3706 c.
461 3656 515 3706 Cre.
533 3671 557 3720 p.
576 3656 675 3706 Cluent.
694 3654 707 3719 ᾖ
727 3658 783 3702 182.

261 3738 759 3805 ἣωψώψηςψωηπ.

263 3828 283 3892 ⁴)
303 3828 429 3891 [Appmm
454 3824 544 3886 igitur,
570 3823 650 3886 inquit
667 3834 826 3881 uorcuaco,
849 3824 1008 3885 praemineo
1030 3825 1128 3877 venisse
1145 3839 1179 3875 ex
1196 3825 1252 3888 lega

229 3913 378 3978 Calpurnim
404 3925 462 3958 uum
486 3908 566 3957 oratio
587 3921 634 3971 pro
657 3905 757 3956 Cluent.
775 3905 860 3956 habito
877 3916 928 3968 est,
945 3918 1076 3973 postquam
1094 3924 1124 3960 cu
1141 3911 1185 3961 lex
1202 3912 1253 3961 luta

229 4009 289 4051 crat.
307 4013 347 4060 op.
366 3995 382 4043 l.
401 4009 425 4057 p.
442 3991 514 4054 410.]

265 4082 285 4149 ⁵)
303 4082 357 4133 Cre.
377 4096 400 4143 p.
419 4078 518 4127 Cluent.
539 4075 553 4136 ξ
572 4078 612 4121 ⁹9.
