2910 4950
785 377 826 441 tt

295 588 374 655 leaeo
406 583 571 674 leguntur:
608 591 762 665 „movent
798 579 853 646 illa
885 583 996 660 etiam,
1028 603 1110 668 quae
1139 581 1322 650 coniectura

296 699 533 786 „explanantur
557 695 665 783 longe
699 693 791 759 aliter
824 703 918 780 atque
952 703 1042 775 sunt3
1077 692 1131 760 sed
1164 705 1257 761 acute
1290 706 1323 762 et

296 811 495 895 „concinam
531 817 569 872 ut
599 829 674 872 cum
704 828 842 871 scaurus
872 815 1035 872 accusaret
1063 829 1218 872 auritum
1252 829 1321 874 am·

295 975 314 1007 ,‚
322 922 424 998 bitus,
459 943 532 986 cum
566 921 631 1007 ipse
666 917 778 984 consul
811 928 890 984 esset
920 918 1037 998 factus,
1073 917 1128 983 ille
1160 919 1320 1005 repulsam

295 1032 456 1116 „tulisset,
491 1040 524 1096 et
552 1031 584 1096 in
615 1031 683 1096 eius
712 1030 828 1096 tabulis
857 1029 1034 1096 ostenderet
1062 1028 1182 1096 litteras
1212 1031 1254 1099 A.
1281 1032 1320 1101 F.

294 1144 362 1229 „P.
388 1146 431 1210 R.
455 1142 549 1229 idque
578 1142 697 1209 diceret
718 1143 829 1208 Actum
851 1142 929 1208 state
958 1165 986 1209 r.
1009 1164 1149 1222 austun
1177 1165 1323 1210 serratus

295 1264 426 1340 „auum
436 1255 467 1320 :”
487 1255 570 1322 Ante
587 1255 734 1334 Furtum,
749 1255 829 1321 Post
844 1257 1004 1321 Relatum:
1026 1277 1082 1337 „o
1098 1276 1210 1320 camus
1226 1279 1323 1341 eques
1352 1326 1355 1330 .

294 1369 486 1451 „Romanus
519 1389 594 1432 oum
628 1389 711 1432 auso
742 1366 863 1433 adesset
891 1367 1048 1433 exclamat
1077 1379 1228 1433 neutrum
1258 1367 1324 1433 illis

295 1479 431 1562 „litteris
443 1478 630 1546 declarari.'’
652 1479 736 1562 Quid
748 1479 859 1568 ergo,''
872 1480 974 1566 inquit
985 1501 1134 1560 amorum
1148 1531 1167 1565 ,‚
1173 1503 1322 1547 usmarus

293 1591 421 1675 „Facta
444 1590 597 1655 Flectitur
618 1590 798 1659 aurrsrus.”

337 1702 375 1765 In
410 1700 531 1766 iudiciis
564 1703 649 1766 enim
687 1701 738 1792 (de
772 1701 893 1767 ambitu
921 1704 1127 1789 praesertim,
1160 1725 1260 1789 aeque
1286 1702 1321 1769 in

208 1874 213 1880 .
288 1813 436 1902 'pecuniis
465 1813 659 1903 repetundis)
693 1835 743 1878 res
773 1823 916 1878 versatur
934 1814 966 1879 in
989 1814 1104 1880 tabulis
1126 1825 1159 1881 et
1178 1813 1320 1882 testibus.

291 1925 432 1991 Tabulae
461 1934 538 1990 tune
567 1925 776 2012 proferuntur
797 1925 916 2011 accepti
938 1935 972 1992 et
991 1928 1128 2013 expensi.
1174 1949 1321 1992 sanutus

292 2058 429 2102 scsunus
467 2036 629 2102 absolutus
666 2038 755 2124 petiit
791 2059 965 2117 aurrsruu,
1006 2039 1216 2125 inspectisque
1253 2039 1322 2105 eiua

291 2147 408 2214 tabulis
429 2148 549 2213 invenit
571 2160 667 2235 caput
688 2149 732 2214 sie
754 2148 938 2235 inscriptum
961 2149 999 2215 A.
1023 2151 1057 2217 F.
1082 2151 1115 2216 P.
1140 2153 1179 2218 R.
1226 2149 1322 2233 Quod

292 2260 337 2326 ita
366 2259 635 2346 interpretabatur
665 2281 703 2325 ae
733 2261 759 2324 si
789 2269 868 2325 esset
891 2259 1030 2326 obscuris
1052 2261 1162 2328 litteris
1175 2264 1321 2349 inserip-

292 2381 362 2438 tum
392 2394 567 2437 anurnio
590 2371 630 2436 de
652 2370 787 2458 pecunia
810 2393 868 2458 per
890 2371 990 2437 tribus
1012 2371 1178 2439 dividenda
1200 2396 1219 2440 a
1240 2374 1321 2440 divi·

282 2462 432 2563 soribus,
457 2483 682 2569 sequestribus,
706 2493 779 2550 cett.
802 2482 863 2548 fide
882 2507 1005 2551 sorren
1022 2495 1159 2573 sumpta.
1203 2487 1247 2550 At
1264 2484 1321 2551 ille

292 2593 372 2662 dixit
400 2618 433 2661 se
463 2595 580 2661 ideirco
609 2593 690 2660 illud
720 2605 816 2682 caput
839 2595 1046 2684 inscripsisse,
1071 2596 1157 2683 quod
1179 2605 1259 2664 esset
1280 2594 1321 2661 de

293 2705 437 2793 expensis
467 2713 560 2769 antea
589 2702 691 2784 factis,
728 2704 781 2771 sed
808 2704 918 2791 paullo
951 2717 1021 2793 post
1052 2708 1084 2772 in
1115 2706 1238 2773 tabulas
1268 2729 1320 2772 re-

293 2815 380 2896 latis;
406 2815 577 2881 utebantur
595 2817 679 2882 enim
702 2815 882 2903 patresfam.
907 2819 1090 2885 adversariis
1114 2818 1158 2909 ¹),
1182 2819 1215 2883 in
1235 2840 1321 2903 quae

292 2928 494 3017 singulorum
532 2930 688 2995 mensium
721 2938 850 3016 accepta
884 2939 916 2995 et
949 2953 1084 3018 expensa
1120 2928 1316 3012 referebant;

293 3039 405 3107 deinde
438 3039 548 3107 ordine
578 3042 611 3106 in
641 3041 723 3127 ipsas
756 3040 879 3107 tabulas
905 3042 1086 3108 retulerunt
1113 3040 1146 3107 id
1172 3052 1257 3107 certe
1280 3042 1317 3120 ii,

293 3153 349 3240 qui
383 3151 546 3241 diligentes
575 3160 666 3218 erant
694 3151 728 3216 in
756 3173 793 3217 re
823 3152 985 3234 familiari,
1022 3155 1053 3218 in
1082 3173 1219 3239 quorum
1253 3175 1317 3217 nu·

283 3287 382 3331 ,mero
405 3264 471 3329 sine
493 3262 589 3328 dubio
610 3286 758 3330 nortatus
779 3275 857 3333 erat.
903 3265 1032 3331 Dicebat
1052 3264 1151 3352 igitur
1178 3285 1316 3333 scimus

293 3375 334 3441 ad
356 3373 506 3440 invidiam
529 3374 707 3462 aagendam
729 3400 868 3457 aurun,
899 3377 1010 3443 Aetam
1031 3375 1109 3442 state
1131 3400 1159 3443 r.
1183 3400 1317 3446 norrun.
1405 3435 1412 3445 .

293 3487 383 3570 Unus
412 3483 635 3554 exvadvocatis
659 3512 783 3555 norun
807 3489 911 3555 statim
933 3487 1145 3568 exclamabat3
1179 3477 1317 3571 „decla-

294 3598 383 3683 „rari
412 3588 474 3664 illis
496 3598 644 3667 litterulis
671 3623 818 3668 ssurtms
843 3598 944 3680 Fecit,
970 3600 1123 3692 Flectitur
1146 3602 1314 3668 norisius”

328 3974 348 4043 ¹)
365 3975 405 4028 Cf.
429 3977 461 4028 da
480 3974 628 4027 advesariis
650 3982 676 4027 ot
692 3977 724 4029 de
741 3975 832 4029 tabulis
849 3976 944 4043 aeeopti
960 3983 987 4030 et
1003 3977 1109 4044 expensi
1126 3989 1210 4032 aasz
1229 3975 1318 4030 Oratio

293 4077 330 4127 pr.
348 4061 420 4113 Rosc·
439 4059 511 4114 Com.
529 4061 629 4124 passim.
