2910 4950
622 384 665 450 63

133 597 180 667 tec
205 598 265 660 τῶν
292 590 522 675 εῖργιισμένων,
553 591 609 677 qui
637 590 781 678 quemvis
806 590 910 659 adhue
931 616 1044 680 eques,
1071 617 1156 661 non-

134 707 213 774 dum
231 715 401 793 quaestura
416 727 476 770 nee
494 713 643 791 praetura
661 703 803 783 functus,
821 705 1020 771 consulatum
1039 716 1159 794 peteret

135 830 245 886 contra
267 840 383 883 novam
406 815 521 904 legem.

181 931 365 996 Invenimus
385 926 485 1008 uliud,
506 939 543 993 ut
557 926 682 993 videtur
700 927 820 1008 multis,
841 930 888 995 rei
899 929 1038 995 eiusdem
1054 953 1160 1015 enem-

136 1045 228 1132 plum
252 1041 336 1131 apud
358 1062 517 1107 usnemun
540 1040 566 1130 1)
592 1041 648 1105 ubi
670 1064 773 1106 sermo
796 1052 842 1105 est
864 1039 903 1106 de
925 1063 1002 1107 nnio
1022 1065 1161 1109 6666666

136 1155 303 1222 interfecto
333 1156 470 1219 manime
499 1175 595 1240 opera
622 1151 676 1241 (n.)
706 1154 891 1243 66666661)
924 1154 1009 1241 (nutu
1037 1165 1076 1220 tr.
1100 1153 1159 1241 pl.)

115 1268 261 1349 ·„Cmus
290 1266 451 1332 aedilicius
478 1264 604 1352 quidem
628 1266 748 1329 occisus
771 1275 818 1329 est
838 1303 884 1314 —
905 1288 980 1330 num
1003 1278 1035 1331 et
1056 1287 1162 1352 speru-

138 1378 217 1460 „bet
242 1390 274 1443 et
304 1378 336 1442 id
365 1376 479 1463 agebat
508 1397 647 1453 666666,
679 1384 715 1438 ut
745 1377 858 1440 omissa
879 1387 1030 1462 praetura
1053 1375 1164 1442 conoul

139 1490 272 1599 vlieret:
298 1490 350 1554 cui
373 1510 473 1575 quum
494 1487 603 1574 primis
626 1485 819 1572 temporibus
843 1488 912 1552 iure
935 1510 1091 1553 suumcms
1114 1511 1164 1553 re·

139 1652 158 1684 „
167 1603 303 1678 sisteret,
339 1610 446 1687 postea
479 1600 576 1664 nimia
610 1599 810 1663 contentione
844 1597 884 1664 ad
911 1598 1033 1665 serrum
1065 1611 1096 1665 et
1125 1596 1166 1664 ad

138 1734 257 1795 „arma
276 1709 458 1799 processit.''
487 1710 578 1775 Petiit
595 1720 706 1774 contra
725 1709 846 1797 legem,
866 1708 941 1776 dicit
959 1734 1102 1776 6666666
1123 1710 1164 1798 8).

138 1821 252 1902 Aliud,
276 1821 385 1901 credo,
410 1843 508 1908 agens
536 1818 596 1884 hoe
622 1819 745 1904 scripsit
753 1843 761 1899 ;
794 1841 869 1885 num
897 1820 949 1886 lex
974 1844 1012 1886 66
1035 1822 1098 1886 latu
1120 1830 1167 1886 661

138 1944 176 2000 61
213 1933 407 1999 monuimuis
441 1953 469 1998 6.
501 1954 533 1998 n.
567 1953 594 1996 e.
628 1930 703 1996 673.
736 1953 764 1998 6.
795 1932 829 1997 C.
862 1935 904 1997 81
934 1957 954 1998 6
982 1957 1095 2013 sunm,
1135 1943 1168 1999 et

139 2069 167 2113 n.
192 2068 348 2111 sunmcius
379 2067 476 2110 nunus
507 2042 665 2107 interfecit
692 2062 721 2106 n.
745 2063 910 2107 66666666
932 2067 1033 2130 quum
1056 2057 1095 2112 tr.
1120 2045 1164 2131 pl.

139 2169 209 2224 erut
230 2158 251 2223 i.
265 2181 292 2222 6.
317 2179 346 2222 6.
371 2179 404 2222 u.
429 2178 458 2221 c.
484 2155 560 2219 666.
585 2174 614 2219 u.
638 2152 672 2217 G.
693 2153 746 2218 88.
770 2151 817 2240 1),
845 2154 945 2241 igitur
967 2155 1088 2242 aliquot
1109 2178 1166 2222 66-

139 2270 187 2335 nis
219 2279 388 2354 antequam
416 2265 494 2331 haec
521 2264 573 2330 lex
600 2285 619 2328 a
648 2286 743 2328 66666
771 2275 850 2329 esset
874 2264 938 2330 lata
964 2267 1004 2355 ⁶).
1056 2268 1166 2350 Quum

140 2382 238 2470 igitur
267 2378 305 2444 de
336 2380 484 2466 petitione
511 2375 654 2442 nondum
677 2398 715 2441 66
738 2388 945 2442 contuerunt
968 2401 1048 2465 quae
1070 2402 1167 2444 66666

140 2494 243 2558 sanxit
271 2490 420 2579 carpendi
444 2500 518 2554 sunt
541 2510 690 2555 esconius
714 2499 745 2553 et
768 2512 910 2556 6616666
934 2500 1077 2578 tempora
1096 2513 1168 2578 per·

138 2604 315 2684 turbantes3
350 2601 434 2689 quod
456 2611 563 2666 tumen
587 2600 707 2666 factum
730 2623 864 2666 sunmcn
889 2614 1080 2690 argumento
1102 2626 1169 2668 esse

138 2726 241 2802 potest
274 2714 415 2802 opinioni
444 2735 555 2778 eorum
589 2713 645 2798 qui
678 2712 785 2778 dicant
814 2712 901 2802 leges
935 2726 1004 2779 tum
1039 2714 1168 2780 demum

139 2827 219 2894 lates
248 2850 315 2892 6666
345 2823 430 2912 apud
461 2827 634 2901 Romanos,
660 2846 760 2909 quum
784 2824 906 2891 fucinus
928 2825 1057 2913 aliquod
1080 2850 1169 2892 eom·

138 2941 270 3005 missum
300 2946 394 3013 esset,
424 2935 485 2999 nisi
510 2944 617 3020 putes,
653 2931 739 3019 qued
769 2943 875 3001 umen
902 2938 1077 3002 necessario
1101 2961 1168 3003 non

139 3051 299 3138 sequitur,
324 3069 425 3114 ommi
448 3068 612 3111 eunomii
631 3045 754 3130 petiisse
777 3056 887 3111 eontra
913 3045 1016 3134 legem
1039 3046 1168 3115 Villium

140 3161 299 3229 annalem.
347 3159 441 3244 Quod
460 3157 578 3225 ideirco
600 3180 665 3224 non
689 3156 874 3224 crediderim
898 3159 972 3248 quia
991 3169 1068 3226 tune
1090 3182 1169 3248 opus

173 3487 193 3553 1)
212 3491 276 3540 Asc.
296 3490 328 3538 66
346 3501 395 3537 cic.
415 3484 458 3535 Or.
475 3500 498 3549 p.
514 3497 617 3533 octono
637 3498 661 3547 p.
683 3486 730 3532 146
749 3480 788 3532 ed.
804 3494 924 3532 666666.

173 3570 194 3640 1)
212 3573 252 3624 cf.
271 3587 320 3623 cic.
340 3574 371 3621 de
388 3571 468 3632 Legg.
487 3569 537 3617 Ill.
555 3573 569 3616 9
590 3568 605 3630 §
623 3573 664 3616 20.

172 3652 193 3719 ἔ)
211 3656 345 3706 Munus
363 3654 452 3715 fragm.
472 3649 542 3701 orat.
560 3664 585 3714 p.
608 3651 664 3697 161.
680 3655 741 3697 nott
757 3647 790 3697 66
806 3661 860 3697 voc.
879 3655 966 3697 contro
982 3658 1132 3698 suumomni.

172 3735 193 3804 ⁴)
210 3739 268 3789 Hoc
285 3753 336 3788 non
353 3737 462 3786 tenuisse
476 3735 576 3784 videtur
593 3745 717 3782 noconius
734 3733 750 3781 1.
760 3732 777 3780 1.
793 3747 871 3799 quum
886 3732 952 3780 dicut
966 3730 1017 3780 iure
1025 3746 1167 3783 suumomni

139 3821 164 3872 ei
179 3823 305 3873 restitisse.
324 3822 386 3886 [nisi
404 3820 465 3869 hoec
483 3817 615 3868 referendo
628 3824 687 3865 sunt
701 3816 733 3865 66
747 3815 831 3877 legem
845 3814 972 3880 quendem
988 3814 1065 3865 lutam
1079 3831 1102 3866 o„
1111 3832 1136 3866 6.
1145 3831 1167 3867 e.

140 3911 198 3957 ⁴11.
214 3924 237 3957 6
255 3906 284 3957 C.
303 3912 368 3965 643,
386 3919 438 3954 ιιι.
456 3904 521 3954 VII.
540 3908 582 3951 41.
599 3901 633 3951 X.
655 3906 685 3950 16
704 3916 720 3950 6
736 3909 768 3952 tr.
787 3899 821 3964 pl.
839 3913 864 3948 ι..
883 3899 1020 3964 emmo]

175 3986 194 4052 5)
212 3991 276 4040 Asc.
301 4003 362 4038 nnn.
386 3988 419 4037 66
442 3985 542 4038 Cornel.
567 4001 591 4050 p.
614 3985 658 4038 Or.
683 3990 724 4035 46.
771 3983 826 4035 C1c.
851 3982 926 4036 Cutil.
948 3982 999 4035 ΙΙΙ.
1034 3987 1072 4034 10.
1095 3984 1167 4050 614.

139 4085 281 4124 rumano
301 4073 374 4123 666.
392 4087 416 4121 u.
435 4087 456 4122 c.
477 4073 535 4118 666.
554 4085 569 4118 6
587 4069 615 4120 C.
638 4074 679 4119 88.
