2910 4950
643 401 705 466 157

166 635 286 696 „nemo
315 634 381 677 asae
408 610 520 697 possit,
552 618 621 674 tura
645 607 799 673 amittitur
823 606 900 673 haec
923 608 1030 673 civitas
1053 606 1188 693 denique

165 749 289 812 „quum
316 726 359 803 ia,
389 725 443 808 qui
466 721 608 809 profugit
628 731 773 808 receptus
795 728 841 785 est
864 721 895 783 in
918 720 1048 785 exilium
1070 722 1091 785 i.
1104 743 1132 785 e.
1156 720 1188 784 in

164 837 284 919 „aliam
308 834 486 900 civitatem”
511 845 543 900 et
564 833 673 920 paullo
696 842 785 898 ante:
809 832 967 915 „erilium
986 854 1050 895 non
1070 829 1188 915 suppli·

164 948 275 1030 „cium
316 957 378 1025 est,
421 945 475 1011 sed
516 944 699 1033 perfugium
736 957 908 1032 portusque
943 940 1119 1029 supplicii.”
1159 940 1185 1027 1)

168 1060 258 1139 Quae
285 1080 385 1143 quara
409 1058 452 1123 ita
473 1058 535 1122 sint
557 1055 837 1142 circumspicienda
859 1064 907 1120 est
929 1053 1101 1131 medicina,
1126 1072 1189 1137 qua

164 1167 251 1233 hunc
283 1167 387 1233 locum
423 1192 462 1233 ex
493 1168 679 1247 Planciano,
705 1169 733 1258 2)
766 1190 913 1233 sanemus
943 1176 975 1230 et
1002 1187 1097 1229 sanus
1130 1163 1190 1227 erit

164 1280 189 1345 si
224 1279 339 1344 lineola
372 1281 467 1346 ducta
501 1304 558 1367 per
593 1284 604 1344 l
637 1280 789 1357 litteram,
829 1301 888 1364 pro
922 1278 1012 1342 exitio
1045 1275 1190 1363 legamus
1252 1316 1259 1340 .

163 1391 268 1469 exitio,
288 1390 328 1456 ad
349 1413 444 1477 quam
464 1392 714 1457 emendationem
728 1387 974 1456 confirmandam
987 1388 1081 1451 etiam
1094 1385 1189 1450 aliam

163 1502 294 1567 afferam
324 1504 487 1568 rationem.
534 1503 749 1589 Opponuntur
777 1501 834 1566 sibi
857 1502 889 1564 in
913 1499 1032 1564 iudiciis
1054 1500 1147 1562 Rom.
1171 1518 1190 1561 e

163 1612 293 1700 regione
316 1615 397 1678 salua
420 1624 452 1679 et
475 1616 633 1679 calamitae
649 1615 668 1680 i.
682 1638 709 1679 e.
731 1612 884 1678 absolutio
904 1622 935 1676 et
954 1608 1187 1688 condemnatio,

164 1722 274 1789 eodem
294 1724 388 1789 modo
407 1747 444 1791 ae
463 1729 545 1790 aolua
565 1736 596 1791 et
610 1727 748 1804 exitium,
765 1727 854 1791 cuius
869 1725 916 1790 rei
930 1725 962 1788 in
981 1722 1075 1788 fidem
1090 1720 1189 1785 addu-

163 1857 232 1900 cam
267 1837 479 1903 testimonium
515 1862 622 1905 aaran
647 1840 679 1903 in
706 1837 886 1925 fragmento
915 1833 1001 1920 quod
1026 1855 1189 1896 turrianus

163 1967 380 2011 nanentnrnns
406 1950 433 2038 ³)
459 1951 611 2029 servavit3
635 1972 749 2034 nempe
771 1949 804 2012 in
824 1956 903 2013 orat.
924 1969 981 2031 pro
1001 1966 1110 2022 oraro,
1134 1942 1189 2008 ubi

162 2054 240 2121 haeo
259 2055 426 2144 leguntur:
448 2061 589 2141 „etenim
609 2059 746 2125 multum
765 2082 854 2144 posse
871 2054 1188 2122 adealutemalterine

161 2166 300 2250 „honori
324 2169 451 2248 multis.
481 2193 593 2257 parum
624 2171 761 2258 potuisse
785 2168 825 2234 ad
847 2169 971 2235 exitium
993 2165 1110 2253 probro
1132 2187 1186 2230 ne·

161 2280 268 2361 „mini
291 2303 433 2366 unquam
456 2281 549 2348 fuit.''
576 2283 603 2371 ⁴)

205 2393 274 2456 Non
298 2392 421 2481 negabo
440 2405 545 2459 tamen
569 2418 652 2481 aqua
671 2404 702 2460 et
724 2396 790 2483 igni
809 2391 952 2459 interdici
975 2389 1128 2455 damnatis
1147 2412 1186 2454 ex

161 2501 232 2590 lege
262 2505 396 2586 Licinia3
430 2529 648 2594 nequaquam3
682 2507 791 2573 confici
822 2505 854 2571 id
884 2515 984 2591 potest
1010 2527 1050 2568 ex
1079 2502 1187 2567 multis

158 2612 253 2680 huius
272 2618 421 2683 orationis
439 2642 499 2705 pro
517 2641 651 2685 amacio
672 2619 761 2697 loeis;
787 2641 817 2684 v.
831 2642 858 2683 e.
877 2641 968 2698 „non
986 2616 1087 2682 dicam
1100 2637 1185 2679 meo·

159 2747 260 2806 „runi
284 2728 316 2790 in
339 2727 437 2793 bonos
459 2731 663 2806 meritorum,
697 2729 750 2793 sed
775 2729 931 2793 bonorum
956 2730 987 2792 in
1011 2750 1079 2804 me,
1112 2729 1186 2811 quia

159 2858 207 2920 „a
230 2859 280 2901 me
303 2840 365 2902 rnei
388 2852 579 2905 servatorem
604 2840 711 2926 capitis
739 2840 862 2906 divellet
888 2863 925 2904 aa
947 2837 1120 2903 distrahat’
1144 2835 1183 2926 5).

158 2949 364 3016 Luculentius
385 2951 446 3017 hoc
467 2953 561 3017 etiam
584 2952 749 3018 coniicitur
767 2975 807 3017 ex
825 2952 924 3017 altero
946 2950 1085 3017 eiusdem
1104 2960 1182 3017 orat.

194 3176 213 3241 ¹)
232 3178 271 3230 Cf.
289 3191 345 3228 auc.
362 3179 389 3228 iu
405 3177 496 3227 Milon.
517 3194 542 3242 p.
560 3191 603 3227 on
623 3181 664 3226 54.

193 3260 213 3330 ἵ)
231 3263 286 3314 Cro.
304 3281 328 3328 p.
346 3264 433 3314 Plane.
453 3270 468 3313 3
489 3265 503 3326 ξ
523 3268 546 3313 8.

192 3344 213 3411 ³)
232 3351 308 3399 Ana.
318 3363 451 3399 manerat.
462 3348 551 3398 XXX.
563 3353 586 3397 8.
596 3361 691 3397 oanan.
702 3358 751 3396 cro.
767 3359 843 3410 opera
858 3345 906 3394 1v.
922 3360 946 3409 p.
962 3350 1002 3393 2²0
1016 3359 1040 3409 p.
1052 3350 1109 3394 444.
1120 3360 1145 3395 n.
1157 3350 1182 3395 d.

158 3432 214 3496 [Sic
231 3434 323 3496 legitur
339 3435 365 3483 in
389 3446 439 3482 erc.
462 3439 524 3480 arnt.
548 3447 572 3495 p.
596 3431 688 3480 Roscio
707 3431 796 3480 Amor.
815 3435 845 3478 51
865 3429 961 3493 §1⁴92
982 3429 1044 3494 aqui
1060 3437 1183 3493 quantum

160 3526 292 3580 upoesant,
311 3519 336 3567 in
356 3516 432 3565 satiare
446 3517 562 3576 alterius,
579 3531 656 3580 qnam
675 3517 701 3565 in
719 3515 806 3576 crido,
823 3515 930 3565 mallent
944 3516 1081 3565 ostendere.
1097 3527 1146 3564 cro.
1156 3528 1181 3579 p.

157 3599 215 3649 Mil.
233 3605 266 3650 36
284 3601 297 3665 d
318 3601 404 3664 100].”

192 3681 212 3751 6)
231 3685 306 3745 Quod
328 3686 351 3733 ai
372 3686 413 3734 cui
433 3698 473 3733 rea
493 3684 532 3732 hie
550 3684 703 3746 argumentis
721 3697 754 3732 ex
772 3683 918 3746 antiquitate
936 3681 1039 3746 prolatis
1056 3696 1107 3730 nou
1124 3695 1181 3730 eon-

158 3768 221 3819 ieeta
247 3783 299 3818 esse
322 3769 450 3827 rideatur,
474 3769 537 3817 ratio
559 3780 658 3831 quoque
675 3767 762 3824 credo,
780 3779 983 3829 unamquemque
1001 3765 1098 3815 docebit
1116 3765 1181 3815 hanc

159 3854 360 3904 emendationem
399 3866 452 3901 esee
480 3860 587 3902 certam=
621 3850 810 3915 reprehenditur
840 3849 908 3899 enirn
941 3849 1061 3898 indicium
1094 3849 1180 3911 populi

157 3938 266 3987 Romani
288 3937 448 3986 damnatione
471 3935 567 4002 (exitio)
590 3936 672 3995 illiue,
695 3936 739 4000 qui
762 3941 858 3984 creatus
882 3942 930 3992 ost,
954 3947 1005 3981 non
1022 3945 1082 3980 vero
1098 3944 1179 3995 repre

157 4023 274 4071 itenditur
292 4021 398 4085 aequetis
415 4034 480 4084 quaa
497 4034 530 4069 ex
548 4021 709 4070 damnatione
726 4027 863 4083 sequuntur
882 4015 986 4080 (exilio).

191 4094 283 4169 ssCrc.
302 4120 326 4168 p.
344 4104 431 4154 Plane.
450 4108 483 4152 42
501 4103 514 4166 §t
535 4109 589 4152 101.
