2910 4950
695 409 736 474 91

250 621 282 687 3.
317 621 381 684 Lex
399 615 571 705 quaedam,
596 637 659 702 qua
678 614 885 702 derogaretur
905 615 967 704 legi
981 617 1178 704 Calpurniae.
1196 619 1222 709 Ι)

251 733 283 798 4.
317 732 427 796 Setum
450 730 621 796 factumn.
645 750 785 794 masana
807 727 946 793 consule.
971 729 999 816 2)

251 841 282 908 5.
318 844 429 907 Sotum
454 840 479 930 ³)
506 839 556 905 vel
580 839 632 905 lex
654 836 758 904 Tullia
780 837 819 904 de
841 838 962 904 ambitu
986 840 1014 927 ⁴)

409 950 522 1037 quibus
543 952 613 1016 iure
634 949 801 1016 addideris:

253 1063 284 1128 6.
319 1063 436 1150 Legem
457 1062 584 1127 Fabiam
607 1061 647 1126 de
668 1082 803 1127 numero
825 1070 1026 1128 sectatorum.

254 1176 285 1241 7.
324 1174 416 1261 [Lex,
441 1173 493 1238 eui
515 1174 688 1240 intercessit
710 1196 740 1250 o.
765 1194 880 1238 mucius
903 1194 1081 1238 oausamus.
1109 1172 1152 1262 ⁵)]

252 1283 346 1367 Quod
367 1285 394 1350 si
415 1307 527 1350 verum
546 1294 594 1349 est
611 1283 696 1371 quod
714 1283 830 1348 dicitur
849 1306 868 1349 a
885 1306 1102 1349 nmernnnnr
1121 1286 1160 1354 V.
1178 1284 1229 1352 Cl:

207 1398 304 1480 „Man
322 1397 441 1463 konnta
464 1396 536 1461 falls
554 1416 629 1460 man
649 1417 690 1458 zu
705 1394 983 1482 Vergleichungen
1003 1397 1130 1483 geneigt
1148 1407 1232 1460 ware

207 1508 289 1592 „das
323 1506 722 1594 Kriminalgerichtswesen
757 1507 842 1572 eines
873 1507 990 1576 Volkes
1026 1507 1113 1573 nieht
1150 1506 1232 1572 ohne

208 1618 348 1702 „Gruud
378 1618 424 1683 als
452 1617 513 1683 den
545 1618 617 1683 Pols
643 1616 824 1682 betrachten
838 1618 852 1696 ‚'
870 1639 931 1682 von
956 1619 1065 1684 deseen
1088 1620 1231 1685 starkem

208 1730 310 1815 „oder
324 1729 541 1809 schwacbern,
560 1729 814 1817 regelmassigem
826 1728 903 1795 oder
913 1730 1038 1796 wildem
1050 1731 1208 1819 Schiagen
1221 1781 1230 1810 ,

208 1840 292 1925 „auf
310 1840 371 1906 den
389 1841 569 1929 jeweiligen
588 1840 856 1911 Volksoharakter
874 1839 940 1904 und
966 1841 1026 1906 den
1045 1842 1232 1928 politischen

208 1953 302 2036 „und
325 1950 533 2018 moralischeu
553 1949 692 2016 Zustand
710 1951 765 2016 des
783 1951 1035 2018 Gemeinwesens
1055 1952 1233 2040 uberhaupt

208 2064 432 2152 „geschlossen
452 2063 578 2128 werden
595 2062 722 2127 durfte’'
743 2063 770 2139 ο)
793 2073 930 2128 statuere
949 2085 1131 2148 pessumus,
1151 2085 1234 2151 quae

209 2186 287 2240 tune
310 2175 460 2259 temporis
481 2174 544 2238 iam
568 2173 664 2238 fuerit
685 2171 821 2238 conditio
843 2175 933 2260 Reip.
953 2176 1045 2240 Rom.
1067 2174 1125 2239 sub
1144 2175 1234 2241 euius

209 2285 359 2353 ditionem
382 2285 449 2349 fere
471 2284 555 2350 orbis
577 2295 735 2351 terrarum
754 2296 884 2350 venerat
902 2296 933 2350 et
951 2297 1060 2373 sponte
1079 2287 1236 2353 succurrit

209 2396 290 2463 illud
311 2394 418 2462 nobile
440 2418 551 2464 ancrrr
569 2394 598 2485 ⁷)
620 2395 756 2463 dictum:
782 2398 1043 2485 „corruptissima
1060 2397 1234 2485 Republica

209 2508 392 2596 „plurimae
414 2507 533 2598 leges.”
677 2503 680 2508 ’

244 2811 265 2876 1)
282 2812 338 2864 Cre.
357 2810 424 2876 apud
440 2821 533 2860 meon.
551 2823 576 2873 p.
594 2822 638 2860 oa
657 2812 700 2860 68.

242 2892 264 2957 ²)
282 2896 336 2947 Cre.
354 2911 379 2960 p.
397 2894 466 2943 Mur.
485 2898 519 2941 34
538 2893 552 2955 5
572 2894 612 2941 70.
630 2893 688 2942 vide
706 2891 773 2942 Infra
789 2908 813 2957 p.
836 2898 892 2942 loa.

243 2975 266 3044 8)
283 2978 390 3042 [Scripsi
407 2972 488 3026 Setun
505 2976 547 3027 vel
563 2974 634 3041 leyen
655 2972 776 3032 Tulliam
793 2982 928 3040 utrumque
946 2990 1039 3027 nomen
1056 2980 1170 3030 ocean-rit.
1194 2980 1234 3032 CI.

209 3069 241 3119 de
258 3067 329 3128 Lege
345 3064 458 3124 LiciuIa,
481 3064 513 3114 de
535 3070 590 3128 qna
609 3062 685 3112 etiam
708 3062 736 3112 In
752 3061 849 3113 Senatu
866 3067 949 3111 aetum
966 3066 1004 3111 est
1019 3061 1073 3114 Cia
1090 3077 1115 3128 p.
1133 3065 1174 3114 Pl.
1194 3069 1235 3147 ¹⁶:

210 3150 299 3216 5³⁶]

244 3231 264 3300 ⁴)
282 3235 335 3284 Dro
353 3244 455 3283 camma
473 3229 619 3281 XXXVII.
639 3235 680 3279 2⁹.
715 3229 860 3280 Reiicienda
877 3236 914 3280 est
930 3230 1054 3280 sententia
1070 3244 1236 3285 nonensem

210 3333 249 3384 op.
268 3318 286 3367 1.
304 3333 328 3382 p.
347 3320 413 3376 ⁴12,
430 3315 475 3380 qni
491 3314 623 3364 confundit
640 3312 727 3365 Sctum
741 3329 792 3380 qao
807 3316 954 3378 derogatum
968 3323 1005 3365 est
1019 3315 1070 3380 legi
1084 3315 1236 3381 Calpurniae

211 3401 286 3468 (Aeo
304 3417 329 3465 p.
347 3414 391 3451 on.
410 3400 454 3462 68)
471 3414 530 3448 enm
549 3399 609 3450 Sero
626 3397 692 3448 laeto
710 3399 763 3462 lpse
779 3412 876 3448 ramo
893 3398 1023 3450 referente.
1053 3399 1108 3451 Cre.
1126 3416 1150 3465 p.
1165 3400 1236 3452 Mur.

211 3491 244 3537 82
261 3486 275 3552 t
293 3489 334 3535 67.
373 3484 467 3536 Itidem
489 3484 584 3534 fallitur
606 3496 768 3545 uaacovma,
789 3484 834 3549 qui
856 3484 940 3549 Iegem
963 3485 1076 3536 Tulliam
1098 3496 1124 3538 et
1147 3486 1236 3538 Serum

210 3571 277 3637 apud
299 3584 349 3620 cre.
372 3585 397 3635 p.
422 3569 490 3619 Mur.
516 3570 531 3632 ξ
552 3571 593 3618 67.
611 3584 657 3634 pro
674 3570 778 3620 dirersis
794 3569 892 3634 legibue
908 3577 995 3620 oontm
1010 3572 1134 3625 ambitum
1150 3571 1235 3624 habet.

210 3670 235 3722 p
254 3660 295 3705 40.
314 3669 351 3720 eq.

245 3736 265 3806 ⁵)
284 3739 361 3805 [Aac.
379 3754 403 3803 p.
422 3752 465 3789 oa
484 3742 517 3789 83
537 3743 578 3789 85.
598 3742 639 3789 88.
657 3739 709 3790 rid.
728 3738 795 3791 infra
811 3754 837 3804 p.
857 3740 905 3788 108
924 3740 977 3789 not.
995 3737 1034 3801 8.]

245 3821 266 3891 6)
283 3836 310 3876 Δ.
327 3837 510 3874 naumann
527 3837 561 3887 op
578 3823 635 3889 lp.
657 3827 680 3874 l.
981 3825 982 3828 ’

245 3907 266 3975 7)
284 3908 350 3962 Tac.
368 3907 440 3960 Aun-
458 3907 510 3959 ΠΙ.
528 3910 569 3957 at.
