<?xml version="1.0" encoding="UTF-8"?>
<!DOCTYPE html PUBLIC "-//W3C//DTD XHTML 1.0 Transitional//EN"
    "http://www.w3.org/TR/xhtml1/DTD/xhtml1-transitional.dtd">
<html xmlns="http://www.w3.org/1999/xhtml" xml:lang="en" lang="en">
 <head>
  <title>
</title>
<meta http-equiv="Content-Type" content="text/html;charset=utf-8" />
  <meta name='ocr-system' content='tesseract 3.04.00' />
  <meta name='ocr-capabilities' content='ocr_page ocr_carea ocr_par ocr_line ocrx_word'/>
</head>
<body>
  <div class='ocr_page' id='page_1' title='image "./disputatiodecri00rinkgoog_0178.png"; bbox 0 0 2910 4950; ppageno 0'>
   <div class='ocr_carea' id='block_1_1' title="bbox 626 394 775 490">
    <p class='ocr_par' dir='ltr' id='par_1_1' title="bbox 626 394 775 490">
     <span class='ocr_line' id='line_1_1' title="bbox 626 394 775 490; baseline 0.013 -2"><span class='ocrx_word' id='word_1_1' title='bbox 626 424 690 490; x_wconf 83' lang='lat' dir='ltr'>roa</span> <span class='ocrx_word' id='word_1_2' title='bbox 772 394 775 399; x_wconf 75' lang='grc'><strong>’</strong></span> 
     </span>
    </p>
   </div>
   <div class='ocr_carea' id='block_1_2' title="bbox 53 630 1180 3496">
    <p class='ocr_par' dir='ltr' id='par_1_2' title="bbox 134 630 1180 1169">
     <span class='ocr_line' id='line_1_2' title="bbox 179 630 1162 719; baseline 0.005 -23"><span class='ocrx_word' id='word_1_3' title='bbox 179 633 331 710; x_wconf 86' lang='lat' dir='ltr'>Senatus,</span> <span class='ocrx_word' id='word_1_4' title='bbox 364 634 418 719; x_wconf 92' lang='lat' dir='ltr'>qui</span> <span class='ocrx_word' id='word_1_5' title='bbox 441 633 573 718; x_wconf 83' lang='lat' dir='ltr'><strong>pessime</strong></span> <span class='ocrx_word' id='word_1_6' title='bbox 596 630 705 697; x_wconf 89' lang='lat' dir='ltr'>oderat</span> <span class='ocrx_word' id='word_1_7' title='bbox 727 653 890 698; x_wconf 70' lang='lat' dir='ltr'>causans!</span> <span class='ocrx_word' id='word_1_8' title='bbox 912 632 1027 699; x_wconf 85' lang='lat' dir='ltr'>futuris</span> <span class='ocrx_word' id='word_1_9' title='bbox 1049 656 1162 701; x_wconf 86' lang='lat' dir='ltr'>consu·</span> 
     </span>
     <span class='ocr_line' id='line_1_3' title="bbox 135 740 1180 834; baseline 0.006 -28"><span class='ocrx_word' id='word_1_10' title='bbox 135 740 217 808; x_wconf 91' lang='lat' dir='ltr'>libus</span> <span class='ocrx_word' id='word_1_11' title='bbox 239 743 409 810; x_wconf 83' lang='lat' dir='ltr'>decernere</span> <span class='ocrx_word' id='word_1_12' title='bbox 432 744 532 810; x_wconf 84' lang='lat' dir='ltr'>voluit</span> <span class='ocrx_word' id='word_1_13' title='bbox 555 745 731 830; x_wconf 77' lang='lat' dir='ltr'>provincias</span> <span class='ocrx_word' id='word_1_14' title='bbox 754 746 875 810; x_wconf 85' lang='lat' dir='ltr'>minimi</span> <span class='ocrx_word' id='word_1_15' title='bbox 899 748 1017 834; x_wconf 88' lang='lat' dir='ltr'>negotii</span> <span class='ocrx_word' id='word_1_16' title='bbox 1039 747 1065 834; x_wconf 77' lang='grc'>1)</span> <span class='ocrx_word' id='word_1_17' title='bbox 1095 749 1115 813; x_wconf 93' lang='lat' dir='ltr'>i.</span> <span class='ocrx_word' id='word_1_18' title='bbox 1133 741 1180 814; x_wconf 55' lang='lat' dir='ltr'>ej</span> 
     </span>
     <span class='ocr_line' id='line_1_4' title="bbox 135 853 1167 943; baseline 0.004 -25"><span class='ocrx_word' id='word_1_19' title='bbox 135 853 228 919; x_wconf 86' lang='lat' dir='ltr'>silvas</span> <span class='ocrx_word' id='word_1_20' title='bbox 254 855 413 941; x_wconf 88' lang='lat' dir='ltr'>callesque</span> <span class='ocrx_word' id='word_1_21' title='bbox 435 857 476 943; x_wconf 78' lang='lat'>²).</span> <span class='ocrx_word' id='word_1_22' title='bbox 524 857 583 920; x_wconf 88' lang='lat' dir='ltr'>Per</span> <span class='ocrx_word' id='word_1_23' title='bbox 610 879 767 922; x_wconf 75' lang='lat' dir='ltr'>vermicu</span> <span class='ocrx_word' id='word_1_24' title='bbox 790 868 895 923; x_wconf 84' lang='lat' dir='ltr'>temen</span> <span class='ocrx_word' id='word_1_25' title='bbox 919 880 1038 924; x_wconf 74' lang='lat' dir='ltr'>caussa</span> <span class='ocrx_word' id='word_1_26' title='bbox 1061 858 1167 922; x_wconf 85' lang='lat' dir='ltr'>effecit</span> 
     </span>
     <span class='ocr_line' id='line_1_5' title="bbox 134 967 1164 1056; baseline 0.003 -25"><span class='ocrx_word' id='word_1_27' title='bbox 134 975 172 1031; x_wconf 93' lang='lat' dir='ltr'>ut</span> <span class='ocrx_word' id='word_1_28' title='bbox 197 987 217 1030; x_wconf 92' lang='lat' dir='ltr'>a</span> <span class='ocrx_word' id='word_1_29' title='bbox 242 967 362 1053; x_wconf 91' lang='lat' dir='ltr'>populo</span> <span class='ocrx_word' id='word_1_30' title='bbox 385 967 443 1032; x_wconf 88' lang='lat' dir='ltr'>sibi</span> <span class='ocrx_word' id='word_1_31' title='bbox 465 967 689 1034; x_wconf 83' lang='lat' dir='ltr'>decerneretur</span> <span class='ocrx_word' id='word_1_32' title='bbox 711 967 816 1034; x_wconf 88' lang='lat' dir='ltr'>Gallia</span> <span class='ocrx_word' id='word_1_33' title='bbox 838 969 1009 1055; x_wconf 89' lang='lat' dir='ltr'>Cisalpina,</span> <span class='ocrx_word' id='word_1_34' title='bbox 1033 968 1164 1056; x_wconf 76' lang='lat' dir='ltr'>Illyrico</span> 
     </span>
     <span class='ocr_line' id='line_1_6' title="bbox 134 1075 1160 1169; baseline 0.005 -27"><span class='ocrx_word' id='word_1_35' title='bbox 134 1075 273 1151; x_wconf 85' lang='lat' dir='ltr'>adiecto,</span> <span class='ocrx_word' id='word_1_36' title='bbox 308 1078 409 1164; x_wconf 85' lang='lat' dir='ltr'>quibis</span> <span class='ocrx_word' id='word_1_37' title='bbox 440 1101 514 1144; x_wconf 87' lang='lat' dir='ltr'>mox</span> <span class='ocrx_word' id='word_1_38' title='bbox 540 1082 670 1145; x_wconf 88' lang='lat' dir='ltr'>accessit</span> <span class='ocrx_word' id='word_1_39' title='bbox 691 1083 838 1162; x_wconf 85' lang='lat' dir='ltr'>Comata,</span> <span class='ocrx_word' id='word_1_40' title='bbox 870 1105 926 1169; x_wconf 92' lang='lat' dir='ltr'>per</span> <span class='ocrx_word' id='word_1_41' title='bbox 948 1083 1099 1147; x_wconf 84' lang='lat' dir='ltr'>Senatum</span> <span class='ocrx_word' id='word_1_42' title='bbox 1121 1080 1160 1167; x_wconf 80' lang='lat'>³).</span> 
     </span>
    </p>

    <p class='ocr_par' dir='ltr' id='par_1_3' title="bbox 53 1189 1167 3060">
     <span class='ocr_line' id='line_1_7' title="bbox 178 1189 1163 1280; baseline 0.004 -27"><span class='ocrx_word' id='word_1_43' title='bbox 178 1189 221 1254; x_wconf 80' lang='lat' dir='ltr'>At</span> <span class='ocrx_word' id='word_1_44' title='bbox 246 1189 331 1255; x_wconf 89' lang='lat' dir='ltr'>unde</span> <span class='ocrx_word' id='word_1_45' title='bbox 354 1190 471 1257; x_wconf 81' lang='lat' dir='ltr'>factum</span> <span class='ocrx_word' id='word_1_46' title='bbox 497 1202 542 1257; x_wconf 87' lang='lat' dir='ltr'>est</span> <span class='ocrx_word' id='word_1_47' title='bbox 568 1202 605 1258; x_wconf 90' lang='lat' dir='ltr'>ut</span> <span class='ocrx_word' id='word_1_48' title='bbox 630 1215 749 1258; x_wconf 76' lang='lat' dir='ltr'>causan</span> <span class='ocrx_word' id='word_1_49' title='bbox 777 1202 900 1258; x_wconf 89' lang='lat' dir='ltr'>tautum</span> <span class='ocrx_word' id='word_1_50' title='bbox 924 1196 1048 1280; x_wconf 82' lang='lat' dir='ltr'>posset?</span> <span class='ocrx_word' id='word_1_51' title='bbox 1091 1195 1163 1257; x_wconf 90' lang='lat' dir='ltr'>Pri-</span> 
     </span>
     <span class='ocr_line' id='line_1_8' title="bbox 135 1301 1163 1391; baseline 0.005 -26"><span class='ocrx_word' id='word_1_52' title='bbox 135 1322 223 1366; x_wconf 90' lang='lat' dir='ltr'>mum</span> <span class='ocrx_word' id='word_1_53' title='bbox 258 1303 326 1367; x_wconf 88' lang='lat' dir='ltr'>eius</span> <span class='ocrx_word' id='word_1_54' title='bbox 356 1304 476 1391; x_wconf 87' lang='lat' dir='ltr'>ingenii</span> <span class='ocrx_word' id='word_1_55' title='bbox 506 1303 631 1369; x_wconf 90' lang='lat' dir='ltr'>dotibus</span> <span class='ocrx_word' id='word_1_56' title='bbox 659 1301 869 1390; x_wconf 78' lang='lat' dir='ltr'>praecellebat</span> <span class='ocrx_word' id='word_1_57' title='bbox 895 1304 1075 1390; x_wconf 89' lang='lat' dir='ltr'>permultis;</span> <span class='ocrx_word' id='word_1_58' title='bbox 1108 1302 1163 1370; x_wconf 86' lang='lat' dir='ltr'>sed</span> 
     </span>
     <span class='ocr_line' id='line_1_9' title="bbox 134 1412 1163 1505; baseline 0.008 -30"><span class='ocrx_word' id='word_1_59' title='bbox 134 1412 270 1499; x_wconf 86' lang='lat' dir='ltr'>gratiam</span> <span class='ocrx_word' id='word_1_60' title='bbox 291 1424 410 1479; x_wconf 88' lang='lat' dir='ltr'>tautam</span> <span class='ocrx_word' id='word_1_61' title='bbox 431 1414 489 1479; x_wconf 86' lang='lat' dir='ltr'>eibi</span> <span class='ocrx_word' id='word_1_62' title='bbox 508 1415 703 1492; x_wconf 86' lang='lat' dir='ltr'>conciliavit,</span> <span class='ocrx_word' id='word_1_63' title='bbox 724 1438 817 1495; x_wconf 91' lang='lat' dir='ltr'>auro,</span> <span class='ocrx_word' id='word_1_64' title='bbox 839 1416 1074 1505; x_wconf 85' lang='lat' dir='ltr'>largitionibus,</span> <span class='ocrx_word' id='word_1_65' title='bbox 1095 1438 1163 1483; x_wconf 89' lang='lat' dir='ltr'>am·</span> 
     </span>
     <span class='ocr_line' id='line_1_10' title="bbox 135 1523 1163 1616; baseline 0.007 -29"><span class='ocrx_word' id='word_1_66' title='bbox 135 1523 252 1588; x_wconf 91' lang='lat' dir='ltr'>bitione</span> <span class='ocrx_word' id='word_1_67' title='bbox 272 1524 313 1611; x_wconf 82' lang='lat'>⁴).</span> <span class='ocrx_word' id='word_1_68' title='bbox 359 1526 411 1589; x_wconf 89' lang='lat' dir='ltr'>Sic</span> <span class='ocrx_word' id='word_1_69' title='bbox 429 1524 487 1590; x_wconf 91' lang='lat' dir='ltr'>sibi</span> <span class='ocrx_word' id='word_1_70' title='bbox 506 1524 647 1591; x_wconf 74' lang='lat' dir='ltr'>devinxit</span> <span class='ocrx_word' id='word_1_71' title='bbox 665 1527 849 1613; x_wconf 87' lang='lat' dir='ltr'>publicanos</span> <span class='ocrx_word' id='word_1_72' title='bbox 869 1529 889 1594; x_wconf 88' lang='lat' dir='ltr'>i.</span> <span class='ocrx_word' id='word_1_73' title='bbox 903 1553 929 1596; x_wconf 87' lang='lat' dir='ltr'>e.</span> <span class='ocrx_word' id='word_1_74' title='bbox 948 1551 1056 1595; x_wconf 90' lang='lat' dir='ltr'>omnes</span> <span class='ocrx_word' id='word_1_75' title='bbox 1074 1531 1163 1616; x_wconf 88' lang='lat' dir='ltr'>equi-</span> 
     </span>
     <span class='ocr_line' id='line_1_11' title="bbox 135 1637 1163 1728; baseline 0.008 -29"><span class='ocrx_word' id='word_1_76' title='bbox 135 1643 198 1712; x_wconf 85' lang='lat' dir='ltr'>tes,</span> <span class='ocrx_word' id='word_1_77' title='bbox 224 1658 302 1720; x_wconf 91' lang='lat' dir='ltr'>quos</span> <span class='ocrx_word' id='word_1_78' title='bbox 325 1637 540 1702; x_wconf 86' lang='lat' dir='ltr'>remissionem</span> <span class='ocrx_word' id='word_1_79' title='bbox 564 1648 720 1723; x_wconf 88' lang='lat' dir='ltr'>petentes,</span> <span class='ocrx_word' id='word_1_80' title='bbox 749 1641 841 1704; x_wconf 88' lang='lat' dir='ltr'>tertia</span> <span class='ocrx_word' id='word_1_81' title='bbox 867 1640 1050 1706; x_wconf 88' lang='lat' dir='ltr'>mercedum</span> <span class='ocrx_word' id='word_1_82' title='bbox 1074 1651 1163 1728; x_wconf 88' lang='lat' dir='ltr'>parte</span> 
     </span>
     <span class='ocr_line' id='line_1_12' title="bbox 137 1747 1165 1841; baseline 0.008 -29"><span class='ocrx_word' id='word_1_83' title='bbox 137 1747 303 1829; x_wconf 77' lang='lat' dir='ltr'>relevavit3</span> <span class='ocrx_word' id='word_1_84' title='bbox 335 1748 434 1835; x_wconf 88' lang='lat' dir='ltr'>plebis</span> <span class='ocrx_word' id='word_1_85' title='bbox 460 1752 582 1816; x_wconf 88' lang='lat' dir='ltr'>animos</span> <span class='ocrx_word' id='word_1_86' title='bbox 608 1751 665 1817; x_wconf 87' lang='lat' dir='ltr'>sibi</span> <span class='ocrx_word' id='word_1_87' title='bbox 695 1751 875 1817; x_wconf 85' lang='lat' dir='ltr'>conciliavit</span> <span class='ocrx_word' id='word_1_88' title='bbox 901 1775 981 1841; x_wconf 88' lang='lat' dir='ltr'>agro</span> <span class='ocrx_word' id='word_1_89' title='bbox 1003 1754 1165 1841; x_wconf 86' lang='lat' dir='ltr'>Campano</span> 
     </span>
     <span class='ocr_line' id='line_1_13' title="bbox 53 1861 1165 1965; baseline 0.004 -38"><span class='ocrx_word' id='word_1_90' title='bbox 53 1916 66 1933; x_wconf 84' lang='lat'>,</span> <span class='ocrx_word' id='word_1_91' title='bbox 136 1871 227 1927; x_wconf 83' lang='lat' dir='ltr'>extra</span> <span class='ocrx_word' id='word_1_92' title='bbox 245 1873 360 1965; x_wconf 74' lang='lat' dir='ltr'>sortem</span> <span class='ocrx_word' id='word_1_93' title='bbox 383 1861 550 1928; x_wconf 81' lang='lat' dir='ltr'>diuidendo</span> <span class='ocrx_word' id='word_1_94' title='bbox 570 1887 613 1928; x_wconf 80' lang='lat' dir='ltr'>xx</span> <span class='ocrx_word' id='word_1_95' title='bbox 633 1862 773 1927; x_wconf 85' lang='lat' dir='ltr'>millibus</span> <span class='ocrx_word' id='word_1_96' title='bbox 791 1864 924 1942; x_wconf 89' lang='lat' dir='ltr'>civium,</span> <span class='ocrx_word' id='word_1_97' title='bbox 950 1865 1064 1950; x_wconf 91' lang='lat' dir='ltr'>quibus</span> <span class='ocrx_word' id='word_1_98' title='bbox 1083 1867 1165 1932; x_wconf 87' lang='lat' dir='ltr'>terni</span> 
     </span>
     <span class='ocr_line' id='line_1_14' title="bbox 136 1971 1167 2061; baseline 0.008 -26"><span class='ocrx_word' id='word_1_99' title='bbox 136 1971 284 2058; x_wconf 90' lang='lat' dir='ltr'>pluresve</span> <span class='ocrx_word' id='word_1_100' title='bbox 315 1971 405 2037; x_wconf 91' lang='lat' dir='ltr'>liberi</span> <span class='ocrx_word' id='word_1_101' title='bbox 427 1983 530 2038; x_wconf 89' lang='lat' dir='ltr'>esseut</span> <span class='ocrx_word' id='word_1_102' title='bbox 551 1972 597 2061; x_wconf 78' lang='lat'>⁵);</span> <span class='ocrx_word' id='word_1_103' title='bbox 630 1997 792 2040; x_wconf 79' lang='lat' dir='ltr'>rourrmu</span> <span class='ocrx_word' id='word_1_104' title='bbox 816 1998 928 2041; x_wconf 68' lang='lat' dir='ltr'>curuo</span> <span class='ocrx_word' id='word_1_105' title='bbox 952 1976 1167 2043; x_wconf 89' lang='lat' dir='ltr'>reconciliavit</span> 
     </span>
     <span class='ocr_line' id='line_1_15' title="bbox 77 2086 1163 2176; baseline 0.006 -26"><span class='ocrx_word' id='word_1_106' title='bbox 77 2128 78 2132; x_wconf 59' lang='lat'><em>=</em></span> <span class='ocrx_word' id='word_1_107' title='bbox 136 2094 169 2151; x_wconf 86' lang='lat' dir='ltr'>et</span> <span class='ocrx_word' id='word_1_108' title='bbox 191 2108 264 2150; x_wconf 94' lang='lat' dir='ltr'>cum</span> <span class='ocrx_word' id='word_1_109' title='bbox 284 2094 420 2171; x_wconf 90' lang='lat' dir='ltr'>utroque</span> <span class='ocrx_word' id='word_1_110' title='bbox 438 2086 507 2150; x_wconf 89' lang='lat' dir='ltr'>iniit</span> <span class='ocrx_word' id='word_1_111' title='bbox 524 2087 703 2152; x_wconf 87' lang='lat' dir='ltr'>societatem</span> <span class='ocrx_word' id='word_1_112' title='bbox 722 2111 763 2152; x_wconf 90' lang='lat' dir='ltr'>ne</span> <span class='ocrx_word' id='word_1_113' title='bbox 783 2087 859 2174; x_wconf 92' lang='lat' dir='ltr'>quid</span> <span class='ocrx_word' id='word_1_114' title='bbox 879 2099 1028 2175; x_wconf 85' lang='lat' dir='ltr'>ageretur</span> <span class='ocrx_word' id='word_1_115' title='bbox 1047 2089 1079 2154; x_wconf 93' lang='lat' dir='ltr'>in</span> <span class='ocrx_word' id='word_1_116' title='bbox 1096 2112 1163 2176; x_wconf 90' lang='lat' dir='ltr'>rep.</span> 
     </span>
     <span class='ocr_line' id='line_1_16' title="bbox 136 2194 1165 2283; baseline 0.006 -23"><span class='ocrx_word' id='word_1_117' title='bbox 136 2194 223 2283; x_wconf 92' lang='lat' dir='ltr'>quod</span> <span class='ocrx_word' id='word_1_118' title='bbox 251 2196 456 2282; x_wconf 85' lang='lat' dir='ltr'>displicuisset</span> <span class='ocrx_word' id='word_1_119' title='bbox 486 2196 544 2262; x_wconf 94' lang='lat' dir='ltr'>ulli</span> <span class='ocrx_word' id='word_1_120' title='bbox 571 2221 610 2263; x_wconf 85' lang='lat' dir='ltr'>ex</span> <span class='ocrx_word' id='word_1_121' title='bbox 636 2197 753 2278; x_wconf 90' lang='lat' dir='ltr'>tribus;</span> <span class='ocrx_word' id='word_1_122' title='bbox 787 2221 929 2263; x_wconf 77' lang='lat' dir='ltr'>cronium</span> <span class='ocrx_word' id='word_1_123' title='bbox 957 2198 1098 2266; x_wconf 83' lang='lat' dir='ltr'>traduxit</span> <span class='ocrx_word' id='word_1_124' title='bbox 1124 2200 1165 2266; x_wconf 92' lang='lat' dir='ltr'>ad</span> 
     </span>
     <span class='ocr_line' id='line_1_17' title="bbox 117 2310 1164 2399; baseline 0.002 -23"><span class='ocrx_word' id='word_1_125' title='bbox 117 2310 279 2397; x_wconf 84' lang='lat' dir='ltr'>plebem,</span> <span class='ocrx_word' id='word_1_126' title='bbox 302 2310 387 2397; x_wconf 92' lang='lat' dir='ltr'>quod</span> <span class='ocrx_word' id='word_1_127' title='bbox 410 2333 526 2377; x_wconf 74' lang='lat' dir='ltr'>cresso</span> <span class='ocrx_word' id='word_1_128' title='bbox 549 2310 665 2377; x_wconf 91' lang='lat' dir='ltr'>iudicio</span> <span class='ocrx_word' id='word_1_129' title='bbox 684 2311 821 2397; x_wconf 86' lang='lat' dir='ltr'>quodam</span> <span class='ocrx_word' id='word_1_130' title='bbox 846 2323 1024 2399; x_wconf 88' lang='lat' dir='ltr'>temporum</span> <span class='ocrx_word' id='word_1_131' title='bbox 1047 2321 1164 2378; x_wconf 84' lang='lat' dir='ltr'>statum</span> 
     </span>
     <span class='ocr_line' id='line_1_18' title="bbox 136 2419 1163 2509; baseline 0.002 -23"><span class='ocrx_word' id='word_1_132' title='bbox 136 2421 329 2508; x_wconf 86' lang='lat' dir='ltr'>deplorasset</span> <span class='ocrx_word' id='word_1_133' title='bbox 354 2423 374 2488; x_wconf 89' lang='lat' dir='ltr'>i.</span> <span class='ocrx_word' id='word_1_134' title='bbox 396 2447 423 2489; x_wconf 88' lang='lat' dir='ltr'>e.</span> <span class='ocrx_word' id='word_1_135' title='bbox 456 2419 541 2509; x_wconf 89' lang='lat' dir='ltr'>quod</span> <span class='ocrx_word' id='word_1_136' title='bbox 569 2447 633 2509; x_wconf 92' lang='lat' dir='ltr'>quo</span> <span class='ocrx_word' id='word_1_137' title='bbox 663 2423 783 2489; x_wconf 85' lang='lat' dir='ltr'>solebat</span> <span class='ocrx_word' id='word_1_138' title='bbox 805 2448 860 2489; x_wconf 90' lang='lat' dir='ltr'>ore</span> <span class='ocrx_word' id='word_1_139' title='bbox 884 2423 999 2503; x_wconf 89' lang='lat' dir='ltr'>libero,</span> <span class='ocrx_word' id='word_1_140' title='bbox 1030 2435 1110 2489; x_wconf 90' lang='lat' dir='ltr'>esset</span> <span class='ocrx_word' id='word_1_141' title='bbox 1130 2424 1163 2488; x_wconf 93' lang='lat' dir='ltr'>in</span> 
     </span>
     <span class='ocr_line' id='line_1_19' title="bbox 136 2536 1165 2623; baseline 0.002 -24"><span class='ocrx_word' id='word_1_142' title='bbox 136 2557 301 2601; x_wconf 75' lang='lat' dir='ltr'>censensu</span> <span class='ocrx_word' id='word_1_143' title='bbox 323 2536 480 2616; x_wconf 90' lang='lat' dir='ltr'>invectus,</span> <span class='ocrx_word' id='word_1_144' title='bbox 504 2537 536 2601; x_wconf 90' lang='lat' dir='ltr'>in</span> <span class='ocrx_word' id='word_1_145' title='bbox 556 2559 593 2601; x_wconf 88' lang='lat' dir='ltr'>ea</span> <span class='ocrx_word' id='word_1_146' title='bbox 614 2538 754 2603; x_wconf 89' lang='lat' dir='ltr'>oratione</span> <span class='ocrx_word' id='word_1_147' title='bbox 774 2559 871 2623; x_wconf 86' lang='lat' dir='ltr'>quam</span> <span class='ocrx_word' id='word_1_148' title='bbox 895 2559 952 2623; x_wconf 93' lang='lat' dir='ltr'>pro</span> <span class='ocrx_word' id='word_1_149' title='bbox 975 2558 1004 2602; x_wconf 89' lang='lat' dir='ltr'>c.</span> <span class='ocrx_word' id='word_1_150' title='bbox 1024 2557 1165 2602; x_wconf 79' lang='lat' dir='ltr'>suroruo</span> 
     </span>
     <span class='ocr_line' id='line_1_20' title="bbox 137 2647 1165 2736; baseline 0.003 -24"><span class='ocrx_word' id='word_1_151' title='bbox 137 2647 260 2734; x_wconf 88' lang='lat' dir='ltr'>collega</span> <span class='ocrx_word' id='word_1_152' title='bbox 287 2648 319 2712; x_wconf 92' lang='lat' dir='ltr'>in</span> <span class='ocrx_word' id='word_1_153' title='bbox 348 2647 515 2713; x_wconf 89' lang='lat' dir='ltr'>consulatu</span> <span class='ocrx_word' id='word_1_154' title='bbox 541 2648 651 2713; x_wconf 92' lang='lat' dir='ltr'>habuit</span> <span class='ocrx_word' id='word_1_155' title='bbox 675 2649 715 2736; x_wconf 71' lang='grc' dir='ltr'>ο).</span> <span class='ocrx_word' id='word_1_156' title='bbox 764 2650 854 2714; x_wconf 86' lang='lat' dir='ltr'>Hisce</span> <span class='ocrx_word' id='word_1_157' title='bbox 877 2649 1022 2714; x_wconf 87' lang='lat' dir='ltr'>omnibus</span> <span class='ocrx_word' id='word_1_158' title='bbox 1045 2671 1165 2716; x_wconf 75' lang='lat' dir='ltr'>cassan</span> 
     </span>
     <span class='ocr_line' id='line_1_21' title="bbox 135 2757 1165 2844; baseline 0.004 -22"><span class='ocrx_word' id='word_1_159' title='bbox 135 2758 220 2823; x_wconf 85' lang='lat' dir='ltr'>viam</span> <span class='ocrx_word' id='word_1_160' title='bbox 243 2757 301 2822; x_wconf 90' lang='lat' dir='ltr'>sibi</span> <span class='ocrx_word' id='word_1_161' title='bbox 323 2768 490 2842; x_wconf 81' lang='lat' dir='ltr'>paraverat</span> <span class='ocrx_word' id='word_1_162' title='bbox 512 2758 551 2822; x_wconf 89' lang='lat' dir='ltr'>ad</span> <span class='ocrx_word' id='word_1_163' title='bbox 575 2781 675 2844; x_wconf 92' lang='lat' dir='ltr'>remp.</span> <span class='ocrx_word' id='word_1_164' title='bbox 700 2758 920 2826; x_wconf 85' lang='lat' dir='ltr'>invadendam.</span> <span class='ocrx_word' id='word_1_165' title='bbox 968 2761 1046 2825; x_wconf 85' lang='lat' dir='ltr'>Sero</span> <span class='ocrx_word' id='word_1_166' title='bbox 1069 2763 1165 2826; x_wconf 88' lang='lat' dir='ltr'>sensit</span> 
     </span>
     <span class='ocr_line' id='line_1_22' title="bbox 135 2867 1164 2954; baseline -0.002 -16"><span class='ocrx_word' id='word_1_167' title='bbox 135 2891 287 2938; x_wconf 70' lang='lat' dir='ltr'>muretus</span> <span class='ocrx_word' id='word_1_168' title='bbox 315 2867 372 2933; x_wconf 90' lang='lat' dir='ltr'>sibi</span> <span class='ocrx_word' id='word_1_169' title='bbox 401 2891 467 2933; x_wconf 90' lang='lat' dir='ltr'>esse</span> <span class='ocrx_word' id='word_1_170' title='bbox 497 2868 676 2954; x_wconf 88' lang='lat' dir='ltr'>impositum</span> <span class='ocrx_word' id='word_1_171' title='bbox 708 2891 727 2932; x_wconf 89' lang='lat' dir='ltr'>a</span> <span class='ocrx_word' id='word_1_172' title='bbox 755 2889 911 2948; x_wconf 59' lang='lat' dir='ltr'>cananum</span> <span class='ocrx_word' id='word_1_173' title='bbox 945 2892 1019 2935; x_wconf 88' lang='lat' dir='ltr'>cum</span> <span class='ocrx_word' id='word_1_174' title='bbox 1047 2891 1164 2936; x_wconf 81' lang='lat' dir='ltr'>crasso</span> 
     </span>
     <span class='ocr_line' id='line_1_23' title="bbox 53 2967 798 3060; baseline -0.003 -11"><span class='ocrx_word' id='word_1_175' title='bbox 53 2967 57 2974; x_wconf 52' lang='grc'><strong>’</strong></span> <span class='ocrx_word' id='word_1_176' title='bbox 136 2983 166 3049; x_wconf 89' lang='lat' dir='ltr'>ei</span> <span class='ocrx_word' id='word_1_177' title='bbox 186 2974 328 3049; x_wconf 80' lang='lat' dir='ltr'>resistere</span> <span class='ocrx_word' id='word_1_178' title='bbox 352 2990 483 3046; x_wconf 89' lang='lat' dir='ltr'>conatus</span> <span class='ocrx_word' id='word_1_179' title='bbox 506 2989 566 3060; x_wconf 90' lang='lat' dir='ltr'>est;</span> <span class='ocrx_word' id='word_1_180' title='bbox 591 2979 645 3045; x_wconf 88' lang='lat' dir='ltr'>sed</span> <span class='ocrx_word' id='word_1_181' title='bbox 670 2979 798 3047; x_wconf 80' lang='lat' dir='ltr'>frustm.</span> 
     </span>
    </p>

    <p class='ocr_par' dir='ltr' id='par_1_4' title="bbox 136 3090 1165 3496">
     <span class='ocr_line' id='line_1_24' title="bbox 181 3090 1165 3180; baseline 0.001 -22"><span class='ocrx_word' id='word_1_182' title='bbox 181 3093 272 3159; x_wconf 88' lang='lat' dir='ltr'>Hisce</span> <span class='ocrx_word' id='word_1_183' title='bbox 302 3092 504 3179; x_wconf 86' lang='lat' dir='ltr'>&#39;praemonitis</span> <span class='ocrx_word' id='word_1_184' title='bbox 532 3091 660 3157; x_wconf 87' lang='lat' dir='ltr'>fortasse</span> <span class='ocrx_word' id='word_1_185' title='bbox 679 3090 890 3180; x_wconf 84' lang='lat' dir='ltr'>longioribus,</span> <span class='ocrx_word' id='word_1_186' title='bbox 917 3091 1027 3157; x_wconf 89' lang='lat' dir='ltr'>melius</span> <span class='ocrx_word' id='word_1_187' title='bbox 1050 3095 1165 3179; x_wconf 87' lang='lat' dir='ltr'>exponi</span> 
     </span>
     <span class='ocr_line' id='line_1_25' title="bbox 136 3203 1163 3293; baseline 0 -22"><span class='ocrx_word' id='word_1_188' title='bbox 136 3216 266 3293; x_wconf 86' lang='lat' dir='ltr'>possunt</span> <span class='ocrx_word' id='word_1_189' title='bbox 295 3227 377 3292; x_wconf 89' lang='lat' dir='ltr'>quae</span> <span class='ocrx_word' id='word_1_190' title='bbox 400 3204 488 3270; x_wconf 89' lang='lat' dir='ltr'>nobis</span> <span class='ocrx_word' id='word_1_191' title='bbox 511 3205 720 3270; x_wconf 87' lang='lat' dir='ltr'>innotuerunt</span> <span class='ocrx_word' id='word_1_192' title='bbox 741 3203 780 3269; x_wconf 91' lang='lat' dir='ltr'>de</span> <span class='ocrx_word' id='word_1_193' title='bbox 803 3203 922 3269; x_wconf 88' lang='lat' dir='ltr'>iudiciis</span> <span class='ocrx_word' id='word_1_194' title='bbox 941 3203 1163 3271; x_wconf 88' lang='lat' dir='ltr'>sodaliciorum</span> 
     </span>
     <span class='ocr_line' id='line_1_26' title="bbox 136 3315 1162 3407; baseline -0.002 -23"><span class='ocrx_word' id='word_1_195' title='bbox 136 3340 175 3384; x_wconf 85' lang='lat' dir='ltr'>ex</span> <span class='ocrx_word' id='word_1_196' title='bbox 202 3319 273 3407; x_wconf 86' lang='lat' dir='ltr'>lege</span> <span class='ocrx_word' id='word_1_197' title='bbox 302 3317 430 3383; x_wconf 90' lang='lat' dir='ltr'>Licinia.</span> <span class='ocrx_word' id='word_1_198' title='bbox 477 3317 620 3383; x_wconf 88' lang='lat' dir='ltr'>Diximus</span> <span class='ocrx_word' id='word_1_199' title='bbox 642 3315 682 3382; x_wconf 89' lang='lat' dir='ltr'>de</span> <span class='ocrx_word' id='word_1_200' title='bbox 704 3315 864 3382; x_wconf 89' lang='lat' dir='ltr'>erroribus</span> <span class='ocrx_word' id='word_1_201' title='bbox 887 3322 918 3382; x_wconf 89' lang='lat' dir='ltr'>et</span> <span class='ocrx_word' id='word_1_202' title='bbox 940 3315 1068 3382; x_wconf 83' lang='lat' dir='ltr'>diversis</span> <span class='ocrx_word' id='word_1_203' title='bbox 1091 3319 1162 3404; x_wconf 92' lang='lat' dir='ltr'>opi·</span> 
     </span>
     <span class='ocr_line' id='line_1_27' title="bbox 136 3428 1161 3496; baseline 0.001 -1"><span class='ocrx_word' id='word_1_204' title='bbox 136 3429 281 3496; x_wconf 90' lang='lat' dir='ltr'>nionibus</span> <span class='ocrx_word' id='word_1_205' title='bbox 304 3452 343 3494; x_wconf 85' lang='lat' dir='ltr'>ex</span> <span class='ocrx_word' id='word_1_206' title='bbox 365 3428 546 3495; x_wconf 88' lang='lat' dir='ltr'>nominibus</span> <span class='ocrx_word' id='word_1_207' title='bbox 570 3450 683 3494; x_wconf 79' lang='lat' dir='ltr'>nicrum</span> <span class='ocrx_word' id='word_1_208' title='bbox 705 3438 737 3493; x_wconf 87' lang='lat' dir='ltr'>et</span> <span class='ocrx_word' id='word_1_209' title='bbox 760 3450 900 3494; x_wconf 75' lang='lat' dir='ltr'>uicimus</span> <span class='ocrx_word' id='word_1_210' title='bbox 922 3431 998 3496; x_wconf 90' lang='lat' dir='ltr'>ortis</span> <span class='ocrx_word' id='word_1_211' title='bbox 1020 3430 1052 3496; x_wconf 92' lang='lat' dir='ltr'>in</span> <span class='ocrx_word' id='word_1_212' title='bbox 1073 3453 1161 3496; x_wconf 87' lang='lat' dir='ltr'>caus·</span> 
     </span>
    </p>
   </div>
   <div class='ocr_carea' id='block_1_3' title="bbox 139 3560 362 3572">
    <p class='ocr_par' dir='ltr' id='par_1_5' title="bbox 139 3560 362 3572">
     <span class='ocr_line' id='line_1_28' title="bbox 139 3560 362 3572; baseline -0.009 0"><span class='ocrx_word' id='word_1_213' title='bbox 139 3560 362 3572; x_wconf 74' lang='lat' dir='ltr'>——n—</span> 
     </span>
    </p>
   </div>
   <div class='ocr_carea' id='block_1_4' title="bbox 137 3613 1165 4184">
    <p class='ocr_par' dir='ltr' id='par_1_6' title="bbox 171 3613 940 3681">
     <span class='ocr_line' id='line_1_29' title="bbox 171 3613 940 3681; baseline -0.01 -10"><span class='ocrx_word' id='word_1_214' title='bbox 171 3614 192 3671; x_wconf 84' lang='lat' dir='ltr'>¹l</span> <span class='ocrx_word' id='word_1_215' title='bbox 208 3618 251 3667; x_wconf 81' lang='lat' dir='ltr'>llx</span> <span class='ocrx_word' id='word_1_216' title='bbox 269 3617 325 3680; x_wconf 82' lang='lat' dir='ltr'>lege</span> <span class='ocrx_word' id='word_1_217' title='bbox 342 3618 506 3681; x_wconf 74' lang='lat' dir='ltr'>Sempronia5</span> <span class='ocrx_word' id='word_1_218' title='bbox 522 3616 554 3667; x_wconf 82' lang='lat' dir='ltr'>ci.</span> <span class='ocrx_word' id='word_1_219' title='bbox 570 3629 620 3667; x_wconf 85' lang='lat' dir='ltr'>crc.</span> <span class='ocrx_word' id='word_1_220' title='bbox 638 3623 701 3665; x_wconf 87' lang='lat' dir='ltr'>orat.</span> <span class='ocrx_word' id='word_1_221' title='bbox 719 3614 751 3665; x_wconf 87' lang='lat' dir='ltr'>de</span> <span class='ocrx_word' id='word_1_222' title='bbox 769 3614 849 3663; x_wconf 72' lang='lat' dir='ltr'>Pror.v</span> <span class='ocrx_word' id='word_1_223' title='bbox 863 3613 940 3665; x_wconf 82' lang='lat' dir='ltr'>Cone.</span> 
     </span>
    </p>

    <p class='ocr_par' dir='ltr' id='par_1_7' title="bbox 170 3697 893 3766">
     <span class='ocr_line' id='line_1_30' title="bbox 170 3697 893 3766; baseline -0.003 -15"><span class='ocrx_word' id='word_1_224' title='bbox 170 3697 191 3766; x_wconf 71' lang='grc'>2)</span> <span class='ocrx_word' id='word_1_225' title='bbox 210 3701 289 3751; x_wconf 77' lang='lat' dir='ltr'>Sutr.</span> <span class='ocrx_word' id='word_1_226' title='bbox 308 3700 379 3751; x_wconf 82' lang='lat' dir='ltr'>Caes.</span> <span class='ocrx_word' id='word_1_227' title='bbox 400 3706 441 3750; x_wconf 81' lang='lat'>49.</span> <span class='ocrx_word' id='word_1_228' title='bbox 890 3707 893 3712; x_wconf 82' lang='lat'>&#39;</span> 
     </span>
    </p>

    <p class='ocr_par' dir='ltr' id='par_1_8' title="bbox 171 3780 442 3852">
     <span class='ocr_line' id='line_1_31' title="bbox 171 3780 442 3852; baseline -0.007 -18"><span class='ocrx_word' id='word_1_229' title='bbox 171 3780 193 3852; x_wconf 74' lang='lat'>³)</span> <span class='ocrx_word' id='word_1_230' title='bbox 210 3783 289 3834; x_wconf 76' lang='lat' dir='ltr'>Suus.</span> <span class='ocrx_word' id='word_1_231' title='bbox 308 3783 380 3835; x_wconf 81' lang='lat' dir='ltr'>Caes.</span> <span class='ocrx_word' id='word_1_232' title='bbox 400 3789 442 3833; x_wconf 76' lang='lat'>22.</span> 
     </span>
    </p>

    <p class='ocr_par' dir='ltr' id='par_1_9' title="bbox 137 3863 1165 4015">
     <span class='ocr_line' id='line_1_32' title="bbox 170 3863 1165 3932; baseline -0.001 -14"><span class='ocrx_word' id='word_1_233' title='bbox 170 3863 191 3929; x_wconf 69' lang='grc'>4)</span> <span class='ocrx_word' id='word_1_234' title='bbox 209 3869 264 3918; x_wconf 83' lang='lat' dir='ltr'>Vix</span> <span class='ocrx_word' id='word_1_235' title='bbox 287 3883 349 3932; x_wconf 88' lang='lat' dir='ltr'>opus</span> <span class='ocrx_word' id='word_1_236' title='bbox 372 3875 410 3918; x_wconf 83' lang='lat' dir='ltr'>est</span> <span class='ocrx_word' id='word_1_237' title='bbox 431 3867 514 3918; x_wconf 82' lang='lat' dir='ltr'>dicere</span> <span class='ocrx_word' id='word_1_238' title='bbox 538 3879 680 3918; x_wconf 74' lang='lat' dir='ltr'>cussanus</span> <span class='ocrx_word' id='word_1_239' title='bbox 703 3867 793 3930; x_wconf 79' lang='lat' dir='ltr'>ingens</span> <span class='ocrx_word' id='word_1_240' title='bbox 812 3864 860 3914; x_wconf 86' lang='lat' dir='ltr'>sibi</span> <span class='ocrx_word' id='word_1_241' title='bbox 877 3864 1030 3915; x_wconf 69' lang='lat' dir='ltr'>sorbuisse</span> <span class='ocrx_word' id='word_1_242' title='bbox 1047 3879 1090 3916; x_wconf 82' lang='lat' dir='ltr'>ses</span> <span class='ocrx_word' id='word_1_243' title='bbox 1106 3866 1165 3917; x_wconf 84' lang='lat' dir='ltr'>ulie·</span> 
     </span>
     <span class='ocr_line' id='line_1_33' title="bbox 137 3952 688 4015; baseline -0.002 -13"><span class='ocrx_word' id='word_1_244' title='bbox 137 3968 200 4002; x_wconf 89' lang='lat' dir='ltr'>num</span> <span class='ocrx_word' id='word_1_245' title='bbox 219 3953 271 4002; x_wconf 81' lang='lat' dir='ltr'>istis</span> <span class='ocrx_word' id='word_1_246' title='bbox 289 3952 463 4015; x_wconf 75' lang='lat' dir='ltr'>largitionibus</span> <span class='ocrx_word' id='word_1_247' title='bbox 481 3960 506 4002; x_wconf 82' lang='lat' dir='ltr'>ct</span> <span class='ocrx_word' id='word_1_248' title='bbox 523 3954 688 4004; x_wconf 79' lang='lat' dir='ltr'>mercedibus.</span> 
     </span>
    </p>

    <p class='ocr_par' dir='ltr' id='par_1_10' title="bbox 171 4031 896 4097">
     <span class='ocr_line' id='line_1_34' title="bbox 171 4031 896 4097; baseline -0.003 -12"><span class='ocrx_word' id='word_1_249' title='bbox 171 4031 192 4097; x_wconf 63' lang='grc' dir='ltr'>ὓ)</span> <span class='ocrx_word' id='word_1_250' title='bbox 210 4035 289 4085; x_wconf 84' lang='lat' dir='ltr'>Srsr.</span> <span class='ocrx_word' id='word_1_251' title='bbox 308 4036 379 4087; x_wconf 86' lang='lat' dir='ltr'>Coos.</span> <span class='ocrx_word' id='word_1_252' title='bbox 400 4041 441 4085; x_wconf 78' lang='lat'>20.</span> <span class='ocrx_word' id='word_1_253' title='bbox 477 4034 532 4085; x_wconf 83' lang='lat' dir='ltr'>Cre.</span> <span class='ocrx_word' id='word_1_254' title='bbox 551 4036 584 4084; x_wconf 85' lang='lat' dir='ltr'>ad</span> <span class='ocrx_word' id='word_1_255' title='bbox 602 4037 657 4086; x_wconf 80' lang='lat' dir='ltr'>Att.</span> <span class='ocrx_word' id='word_1_256' title='bbox 676 4037 712 4085; x_wconf 86' lang='lat'>11.</span> <span class='ocrx_word' id='word_1_257' title='bbox 734 4039 774 4084; x_wconf 86' lang='grc'>16.</span> <span class='ocrx_word' id='word_1_258' title='bbox 797 4036 811 4097; x_wconf 71' lang='lat'><strong>5</strong></span> <span class='ocrx_word' id='word_1_259' title='bbox 832 4040 854 4083; x_wconf 92' lang='lat' dir='ltr'>l.</span> <span class='ocrx_word' id='word_1_260' title='bbox 873 4039 896 4084; x_wconf 79' lang='lat'>2.</span> 
     </span>
    </p>

    <p class='ocr_par' dir='ltr' id='par_1_11' title="bbox 173 4115 560 4184">
     <span class='ocr_line' id='line_1_35' title="bbox 173 4115 560 4184; baseline -0.01 -13"><span class='ocrx_word' id='word_1_261' title='bbox 173 4115 193 4183; x_wconf 74' lang='grc'>6)</span> <span class='ocrx_word' id='word_1_262' title='bbox 210 4119 264 4171; x_wconf 78' lang='lat' dir='ltr'>Cic.</span> <span class='ocrx_word' id='word_1_263' title='bbox 284 4135 308 4184; x_wconf 86' lang='lat' dir='ltr'>p.</span> <span class='ocrx_word' id='word_1_264' title='bbox 327 4122 410 4170; x_wconf 88' lang='lat' dir='ltr'>domo.</span> <span class='ocrx_word' id='word_1_265' title='bbox 435 4122 463 4168; x_wconf 83' lang='grc'>16</span> <span class='ocrx_word' id='word_1_266' title='bbox 485 4121 500 4181; x_wconf 67' lang='grc' dir='ltr'><strong>ξ</strong></span> <span class='ocrx_word' id='word_1_267' title='bbox 518 4124 560 4168; x_wconf 79' lang='grc'>41.</span> 
     </span>
    </p>
   </div>
   <div class='ocr_carea' id='block_1_5' title="bbox 964 4204 1031 4270">
    <p class='ocr_par' dir='ltr' id='par_1_12' title="bbox 964 4204 1031 4270">
     <span class='ocr_line' id='line_1_36' title="bbox 964 4204 1031 4270; baseline 0 0"><span class='ocrx_word' id='word_1_268' title='bbox 964 4204 1031 4270; x_wconf 83' lang='lat'>11*</span> 
     </span>
    </p>
   </div>
   <div class='ocr_carea' id='block_1_6' title="bbox 0 0 1461 4950">
    <p class='ocr_par' dir='ltr' id='par_1_13' title="bbox 0 0 1461 4950">
     <span class='ocr_line' id='line_1_37' title="bbox 0 0 1461 4950; baseline 0 0"><span class='ocrx_word' id='word_1_269' title='bbox 0 0 1461 4950; x_wconf 95' lang='lat' dir='ltr'> </span> 
     </span>
    </p>
   </div>
  </div>
 </body>
</html>
