2910 4950
695 377 736 442 92

681 581 752 664 ss.

581 736 648 802 Leo
674 734 852 822 Colprernio.

545 863 572 899 n.
590 863 616 899 u.
634 862 658 899 c.
677 850 736 898 687.
754 862 781 897 n.
799 847 828 899 O.
847 850 888 897 67.

253 1032 362 1112 Quum
393 1029 446 1096 lex
476 1050 627 1094 conrsmr
650 1040 690 1096 tr.
715 1027 759 1114 pl.
784 1049 803 1091 a
825 1026 945 1113 populo
967 1026 1107 1116 flagitato
1129 1032 1229 1097 Patri·

205 1139 265 1207 bus
289 1143 355 1207 visa
377 1151 456 1207 esset
477 1141 622 1229 gravior,
646 1161 743 1225 qnam
767 1159 848 1223 quae
868 1137 1080 1223 perferretur,
1104 1165 1231 1209 necesse

206 1262 313 1319 tamen
342 1264 410 1319 eret
432 1263 469 1318 ut
489 1253 529 1319 ‹le
551 1252 672 1318 embitn
688 1243 809 1314 'novam
834 1249 992 1335 quandam
1017 1263 1232 1338 proponerent

207 1366 329 1453 legem,
365 1388 429 1452 qua
462 1365 554 1451 pestis
584 1363 640 1429 illa
669 1363 758 1448 Reip.
789 1360 1023 1446 aliquantulum
1052 1363 1230 1431 tolleretur.

207 1477 377 1564 Negotium
405 1479 513 1541 Patres
544 1475 775 1541 mandaverunt
801 1496 829 1538 ι.
861 1495 1039 1539 (ιιιιιιιιιιιο
1068 1498 1171 1542 ersom
1201 1484 1235 1541 ei

210 1588 243 1652 u’
275 1610 385 1653 nermo
417 1610 594 1653 ennnnronr
629 1585 819 1653 consulibus.
847 1586 873 1673 ¹)
933 1588 1101 1668 Quomodo
1130 1587 1163 1653 hi
1193 1587 1234 1654 ad

209 1723 370 1765 summum
404 1700 557 1765 honorem
601 1700 802 1785 pervenerint
838 1720 935 1783 supra
973 1700 1034 1764 iem
1068 1701 1233 1787 apperuit,

211 1832 311 1895 quum
333 1809 373 1875 de
391 1832 499 1874 risone
522 1809 586 1875 dixi
608 1809 744 1875 ambitus
766 1818 920 1875 accusato.

256 1919 414 1986 Tulernnt
441 1922 540 2009 igitur
570 1920 636 1986 fere
667 1921 767 1986 coacti
797 1929 829 1985 et
857 1942 933 1985 suae
959 1919 1038 2008 legis
1064 1923 1122 2009 ipsi
1146 1925 1236 2009 quusi

211 2032 267 2098 rei.
313 2032 356 2097 At
384 2032 528 2098 tulerunt
557 2043 662 2098 tomen
692 2033 766 2098 satis
795 2052 903 2095 severe
933 2042 970 2095 nt
999 2055 1040 2096 ex
1068 2035 1237 2118 permultis

209 2143 286 2210 locis
317 2154 454 2230 apparet.
502 2145 573 2226 Qua
603 2143 642 2208 de
672 2143 744 2230 lege
767 2142 871 2227 primo
894 2141 1043 2229 colligam
1067 2154 1236 2210 auctorum

210 2256 397 2332 testimonia,
427 2255 558 2341 quibus,
590 2266 627 2318 ut
652 2254 685 2319 in
708 2252 832 2339 legibus
855 2253 1075 2336 sequentibus,
1101 2254 1233 2335 eddam,

210 2367 265 2452 qui
290 2389 330 2431 ex
356 2366 489 2454 singulis
511 2364 635 2453 legibus
658 2363 777 2429 luerint
798 2363 903 2448 petiti,
930 2375 965 2429 ut
988 2375 1135 2431 accurate
1158 2365 1237 2452 quid

208 2499 400 2563 unaquaque
437 2477 508 2565 lege
545 2486 675 2541 cautum
713 2473 809 2539 fuerit
851 2475 1030 2562 intelligere
1070 2478 1235 2564 possimus.

210 2588 326 2674 Legem
356 2587 449 2651 fuisse
472 2588 698 2653 severissimam
722 2606 836 2650 menno
860 2585 967 2651 scribit
990 2586 1040 2675 ²),
1065 2598 1098 2653 nt
1120 2610 1236 2675 perum

209 2721 298 2785 posse
328 2698 481 2764 ambitum
511 2721 548 2763 ea
578 2698 649 2786 lege
679 2697 829 2784 restringi
853 2708 984 2783 apparet
1006 2722 1046 2764 ex
1068 2699 1236 2785 permultis

210 2809 311 2874 causis
340 2833 380 2874 ex
410 2832 447 2874 ea
477 2808 547 2897 lege
578 2809 667 2875 dictis
696 2818 889 2895 apparetque
919 2810 1101 2895 praesertim
1133 2834 1173 2875 ex
1195 2835 1234 2876 eo

210 2919 296 3008 quod
318 2919 405 2987 brevi
427 2932 496 3007 post
518 2922 583 3008 ipse
606 2943 736 2985 ruinius
759 2930 886 2986 coactus
908 2921 1020 3001 fuerit,
1045 2923 1100 3009 qui
1118 2944 1235 2988 novem

211 3032 305 3098 deca
323 3056 358 3099 re
377 3033 482 3121 legem
502 3032 607 3097 ferret.
642 3032 801 3096 Ascomus
820 3054 972 3097 unnrsnus
984 3032 1090 3098 scribit
1101 3034 1134 3097 in
1147 3056 1235 3098 com-

211 3143 365 3208 mentario
384 3141 425 3207 acl
443 3142 617 3207 orationem
632 3163 692 3228 pro
710 3162 887 3220 conruere,
904 3141 1009 3207 habita
1027 3164 1056 3208 a.
1075 3165 1106 3208 u.
1121 3165 1148 3207 c.
1169 3143 1234 3209 689

211 3275 240 3319 a.
271 3252 305 3318 C.
338 3251 400 3317 65:
451 3251 608 3335 „Tulernt
637 3274 707 3317 eam
735 3262 808 3317 ante
829 3252 991 3318 biennium
1015 3250 1236 3339 (Calpurniam

212 3363 341 3449 „legem
370 3363 409 3428 de
438 3362 571 3452 ambitu)
601 3386 631 3430 c.
662 3387 855 3430 csnrnnmus
887 3384 954 3428 urso
981 3362 1092 3428 consul
1115 3365 1147 3429 in
1170 3388 1236 3450 qus

212 3483 362 3560 „praeter
395 3473 473 3541 alius
505 3498 621 3563 poenas
655 3476 836 3563 pecuniaria
857 3497 997 3562 ,quoque
1031 3496 1134 3564 poena
1166 3485 1236 3543 erat

213 3584 390 3669 „adiecta”
417 3584 444 3675 ³)

209 3775 432 3790 ρ--ι-

247 3888 267 3953 1)
285 3888 384 3938 Diserte
400 3888 448 3938 hoe
464 3889 548 3939 scribit
565 3901 612 3938 mo
629 3899 730 3938 csssms
748 3884 879 3940 XXXVI.
900 3892 941 3936 21.

248 3968 268 4038 ²)
287 3972 341 4022 Cic.
359 3988 383 4037 p.
401 3973 468 4022 Mur.
491 3978 531 4021 23.
551 3974 567 4035 ξ
584 3976 626 4021 46.

249 4052 270 4119 5)
288 4057 351 4109 Asc.
371 4073 395 4122 p.
413 4070 455 4108 on.
475 4060 516 4106 68.
