2910 4950
771 414 815 479 84

282 626 466 697 testimoniis
496 621 666 688 tractandis
693 621 821 686 historia
850 621 931 687 duce
957 623 1063 688 omnia
1092 646 1302 710 exponemus,

283 760 365 824 qnae
395 736 435 801 ad
461 734 615 801 ambitum
638 734 743 799 facere
764 751 853 818 posse
877 732 1024 800 videntur
1046 737 1143 801 etsie
1165 739 1304 824 primum

281 848 437 916 dicemus:

661 1001 663 1005 ⁴
757 1002 826 1083 §1-

397 1202 451 1268 De
474 1201 602 1265 ambitus
623 1200 741 1265 indiciis
763 1213 834 1266 ante
856 1203 953 1286 legem
975 1223 1004 1269 c.
1029 1223 1188 1270 connati.

328 1404 434 1467 Sunia
455 1423 540 1466 anno
560 1411 629 1487 post
646 1399 835 1467 dictaturam
855 1401 1053 1468 consulatum
1073 1406 1167 1492 gessit
1183 1406 1210 1493 ¹)
1233 1429 1308 1472 cum

287 1530 436 1581 cincimo
460 1535 604 1578 maranno
627 1536 689 1579 mo.
736 1512 853 1578 Omnia
879 1524 916 1579 ut
939 1516 1034 1579 etiam
1058 1537 1142 1580 anno
1163 1539 1227 1601 seq.
1252 1540 1309 1605 ge-

285 1625 437 1693 rebantur
466 1624 505 1690 ad
535 1634 649 1689 nutum
676 1624 858 1703 Dictatoris,
890 1625 921 1697 ὃς
950 1627 981 1697 ἐς
1009 1626 1164 1707 ὑπόκρισιν
1190 1635 1308 1707 σχῆμα

285 1739 512 1818 δημοκρατικῆς
530 1737 632 1816 doxae
657 1736 788 1811 ὑπέστη.
804 1735 831 1823 2)
880 1736 922 1801 At
935 1758 1020 1801 anno
1038 1760 1071 1803 u.
1092 1760 1119 1804 c.
1139 1740 1214 1804 676.
1235 1739 1307 1805 aC.

288 1852 341 1916 78.
378 1849 454 1939 (quo
484 1858 629 1913 mortuus
656 1857 702 1913 est
723 1846 834 1936 sunus)
867 1847 931 1912 iam
962 1848 1119 1914 tumultus
1141 1851 1201 1915 orti
1228 1852 1311 1915 inter

285 1959 431 2025 consules
464 1980 601 2023 anrroun
634 1967 666 2021 et
699 1977 865 2034 carunuu,
901 1957 1042 2023 diversae
1077 1981 1178 2044 quum
1208 1969 1311 2025 essent

286 2070 429 2137 factionis
449 2069 497 2159 θ),
529 2068 709 2135 indicabant
735 2092 765 2132 τι
794 2070 889 2133 κακὸν
918 2067 1019 2149 ἕτερον
1042 2054 1079 2135 ’ἐκ
1105 2072 1194 2136 τοῦδε
1218 2095 1311 2148 γενη-

287 2181 425 2261 σόμενον·
473 2178 658 2245 Paullulum
688 2189 795 2244 tamen
825 2201 875 2244 res
905 2181 1094 2265 quieverunt
1122 2181 1163 2246 ob
1189 2181 1311 2247 bollum

288 2291 509 2380 gravissimum
532 2289 764 2365 Sertorianum,
781 2285 821 2352 ad
839 2287 925 2373 quod
943 2289 1055 2352 missus
1073 2299 1141 2353 erat
1158 2311 1311 2355 rounsros

287 2403 385 2469 homo
414 2403 555 2488 privatus
584 2422 649 2464 non
673 2401 896 2484 proconsule,
927 2398 981 2464 sed
999 2423 1062 2484 pro
1083 2402 1249 2466 consulibua
1269 2402 1311 2492 ⁴).

287 2513 517 2579 altercationes
550 2509 724 2575 nonnullae
757 2521 845 2575 ortae
877 2520 951 2575 sunt
983 2509 1023 2575 de
1057 2512 1128 2578 trib.
1161 2522 1313 2597 potestate

289 2622 481 2692 restituenda
513 2623 594 2709 (erat
622 2622 706 2687 enim
736 2620 828 2687 valde
854 2629 990 2686 asama
1013 2623 1192 2712 imminuta)
1218 2646 1237 2688 a
1260 2647 1312 2692 cn.

291 2758 412 2804 ararnio
431 2736 471 2831 5).
517 2734 644 2799 Bellum
675 2757 749 2799 cum
779 2755 979 2799 nasamonas
1008 2734 1180 2814 Quiritium
1211 2737 1315 2801 studia

291 2849 364 2914 satis
387 2847 594 2932 consumpsit,
619 2847 883 2934 magistratusque
904 2867 969 2910 non
993 2845 1085 2912 valde
1107 2868 1231 2912 curasse
1253 2847 1317 2914 hoc

291 2971 434 3046 tempore
455 2958 613 3024 videntur.

338 3072 380 3136 At
402 3070 526 3135 sublato
542 3090 712 3147 snaroaro,
736 3069 826 3133 finito
850 3067 933 3133 bello
956 3091 1029 3134 cum
1048 3089 1226 3146 assaraco,
1248 3091 1317 3135 rem

293 3183 374 3249 bene
404 3191 533 3270 gerente
559 3202 700 3245 secunao
720 3191 831 3246 contra
853 3203 1077 3246 urruarosrsu
1100 3181 1238 3264 apertius
1261 3204 1318 3267 ap-

295 3294 443 3381 parabat,
476 3291 634 3378 quomodo
664 3293 745 3358 vitiis
775 3294 838 3358 suis
867 3291 1048 3379 indulgeret
1076 3289 1231 3376 populus,
1263 3296 1320 3378 qui

297 3405 447 3471 liberatus
469 3402 560 3468 foeda
582 3405 732 3469 servitute
754 3402 956 3491 grassabatur
977 3401 1011 3466 in
1034 3399 1177 3467 libertate
1199 3402 1319 3470 scilicet

297 3539 371 3597 sua,
395 3540 469 3581 mox
492 3517 608 3581 iterum
631 3513 812 3582 amittenda.

298 3671 536 3691 n-—-—·-·-—-··‘

332 3759 353 3826 ¹)
370 3761 437 3811 Vide
454 3760 523 3811 Fast.
540 3771 608 3810 eona.
626 3760 660 3809 ad
676 3759 702 3808 h.
717 3772 740 3807 a

333 3843 354 3911 π)
372 3847 441 3896 Ara.
459 3847 490 3894 B.
509 3844 538 3896 C.
557 3845 579 3893 1.
601 3848 657 3893 10³.

286 3979 292 3994 ,
334 3927 355 3994 8)
373 3931 442 3982 Are.
460 3931 492 3980 Β.
501 3928 531 3980 C.
548 3929 571 3978 1.
593 3931 650 3976 10⁶.
683 3925 765 3975 Paua.
783 3923 858 3976 Sulla
874 3931 916 3975 34.
997 3952 1000 3957 »

334 4013 356 4077 6)
373 4015 427 4065 Cre.
445 4014 477 4062 de
494 4013 587 4075 Impar.
605 4023 646 4059 cu.
665 4022 745 4059 rous».
765 4013 806 4058 21.
826 4011 891 4073 §aa
909 4011 978 4061 Phil.
996 4011 1045 4060 XI.
1064 4016 1089 4060 8.

336 4096 428 4168 ⁵)C1c.
447 4099 519 4146 Brut.
538 4098 579 4142 61.
616 4093 750 4143 zicmno
768 4109 807 4158 op.
825 4096 843 4145 l.
862 4097 892 4146 T.
911 4097 947 4147 ΙΙ.
966 4113 989 4161 p.
1012 4103 1041 4146 12
1060 4111 1112 4160 sqq.
