2910 4950
209 630 421 710 enucleanda,
452 629 474 694 ii
501 635 586 693 certe
614 647 679 692 non
710 621 956 711 reprehendent,
991 625 1046 711 qui
1079 626 1233 713 cogitent,

208 813 344 883 ambitus
374 808 566 877 mentionem
594 806 730 872 inveniri
760 813 829 873 tum
852 802 999 884 demum,
1029 826 1129 891 quum
1156 827 1238 891 quae

208 991 290 1058 solet
319 992 352 1056 in
378 988 509 1054 historia
530 987 609 1053 iuria
633 995 718 1052 aetas
740 985 844 1072 prima
867 985 1026 1053 nominari
1054 985 1117 1051 iam
1144 1006 1237 1073 prae·

209 1171 343 1239 teriisset
373 1178 505 1256 postque
538 1189 707 1233 sacrarum
736 1175 769 1233 et
804 1187 957 1231 mmmmm
987 1162 1080 1233 illlud
1117 1164 1237 1231 crimen

209 1351 242 1414 in
265 1351 412 1414 Romana
439 1347 563 1439 civitate
585 1345 661 1432 sere
686 1367 750 1411 esse
772 1345 949 1418 medactum
970 1347 1019 1410 vel
1039 1346 1135 1411 odam
1156 1357 1237 1412 certa

210 1528 341 1596 induisse
358 1527 501 1629 soronam
521 1549 614 1616 ᾳιιαιη
636 1527 750 1593 liberae
772 1527 866 1613 Καὶ).
890 1537 1035 1614 tempore.

253 1711 388 1792 „Quum
407 1706 510 1774 studia
531 1715 639 1772 nostra
661 1706 857 1794 potissimum
881 1707 990 1772 invent
1012 1727 1093 1793 qnae
1117 1727 1236 1794 magna

207 1909 343 1971 „rernm
366 1888 570 1953 conversione
593 1886 791 1952 cernuntnr”
817 1887 1006 1973 opusculum
1029 1886 1072 1952 ita
1094 1886 1233 1967 distinxi,

209 2073 246 2127 nt
279 2084 361 2148 qnae
389 2064 479 2149 Reip.
512 2071 653 2147 tempore
684 2064 716 2128 in
748 2062 885 2128 ambitus
912 2064 1043 2130 crimine
1070 2074 1140 2130 acle
1161 2076 1237 2132 sunt

210 2238 355 2306 bifariam
385 2237 574 2318 dividerem,
613 2262 728 2327 nempe
757 2263 839 2326 qnae
869 2250 956 2321 ante,
992 2263 1136 2328 quaeque
1165 2254 1236 2330 post

213 2443 336 2486 sennen
366 2419 546 2499 acciderint,
583 2420 754 2507 praemissa
788 2421 933 2489 breviore
961 2422 1170 2510 disputatione
1199 2423 1237 2489 de

214 2598 372 2720 ambicpdi
394 2598 495 2666 modis
516 2599 607 2666 licitis
629 2610 661 2666 et
682 2600 807 2669 illicitis.

252 2780 428 2870 Diligenter
443 2789 474 2845 et
494 2780 640 2868 religiose
659 2780 792 2866 ubique,
818 2803 897 2866 quos
915 2790 1041 2847 secutus
1059 2783 1118 2847 sim
1137 2784 1236 2870 scrip-

213 2972 297 3027 tores
324 2959 490 3046 adscripsi:
521 2920 585 3023 non
613 2956 698 3044 quod
720 2958 829 3045 magni
852 2967 1021 3044 apparatus
1042 2959 1094 3024 vel
1124 2960 1235 3026 multi-

209 3141 299 3229 plicis
322 3139 463 3206 lectionis
486 3137 613 3204 landem
636 3146 813 3224 captarem,
842 3136 897 3204 aed
918 3147 955 3204 ut
980 3137 1148 3220 haberem,
1173 3162 1236 3227 quo

209 3320 395 3386 sententiam
419 3341 524 3386 meam
546 3316 713 3385 defendere
735 3341 868 3406 possem.

256 3499 416 3586 Imprimis
446 3496 589 3565 classicos
618 3495 681 3565 adii
711 3498 894 3585 scriptores,
930 3508 967 3565 ut
994 3500 1067 3588 ipsis
1099 3500 1236 3569 lontibus

210 3676 345 3765 cognitis
372 3700 491 3757 meam,
522 3678 548 3743 si
579 3675 618 3744 ab
648 3675 784 3745 aliorum
806 3677 1005 3766 opinionibus
1026 3679 1233 3767 discreparet,

210 3855 399 3922 confirmare
420 3878 542 3944 possem
565 3860 762 3927 sententiam.

254 4039 292 4101 Et
314 4038 358 4104 sic
380 4046 431 4104 eat
452 4057 518 4123 qno
538 4037 604 4105 late
627 4047 743 4106 vocant
765 4038 908 4119 libellus,
937 4060 1031 4125 quem
1057 4037 1144 4107 vobis
1165 4041 1234 4112 Viri
