2910 4950
686 422 748 484 118

208 632 394 702 beneficium
415 628 490 694 huic
508 627 558 691 vel
581 625 627 691 illi
650 625 746 691 tribui
769 625 899 691 dederis.
947 628 1047 693 Locus
1070 630 1115 694 sic
1137 630 1236 697 intel·

208 743 355 834 ligendus
377 739 515 805 ridetur:
541 749 667 803 tenetur
690 737 760 826 lege
780 738 917 803 ambitus
937 740 990 824 qui
1010 738 1239 827 gladiatoribus

214 858 247 944 (i.
269 879 297 920 e.
321 854 354 917 in
378 849 459 915 ludis
481 846 706 937 gladiatorum)
740 848 838 936 vulgo
864 847 917 914 dat
944 849 1052 915 locum
1076 852 1238 934 tributim,

116 1005 128 1023 ι
212 968 268 1054 qui
298 965 355 1029 toti
378 962 474 1027 tribui
496 962 601 1027 locum
624 960 694 1040 dat,
720 962 774 1046 qui
798 962 898 1047 igitur
915 972 1013 1028 totam
1033 964 1151 1030 tribum
1168 989 1239 1032 cor·

210 1099 362 1163 rumpere
385 1074 454 1138 vult
477 1097 542 1139 uno
565 1074 715 1138 beneficio
742 1072 793 1138 vol
817 1096 881 1138 uno
905 1073 998 1140 facto.
1046 1078 1115 1141 Non
1139 1078 1241 1145 obstat

210 1187 286 1253 huic
316 1208 404 1252 meac
434 1186 574 1271 opinioni
602 1208 706 1270 neque
733 1207 792 1271 pro
815 1206 925 1250 numm
949 1198 1072 1275 pugnat
1095 1188 1185 1255 locus
1207 1192 1240 1256 in

210 1311 291 1368 orat.
327 1322 386 1385 pro
416 1320 547 1363 riunena
569 1296 615 1385 ¹):
652 1308 713 1378 „ut
743 1296 831 1363 locus
856 1336 901 1348 -
927 1298 1057 1366 daretur
1079 1302 1188 1367 amicis
1208 1312 1242 1369 et

211 1410 436 1496 „tribulibus”
485 1412 564 1474 Nam
588 1432 627 1473 co
649 1407 720 1473 loco
739 1432 842 1474 sermo
861 1433 926 1475 non
945 1422 991 1477 est
1013 1412 1051 1477 dc
1070 1421 1136 1479 tota
1153 1413 1241 1480 tribu

211 1523 266 1589 sed
290 1524 328 1588 de
351 1521 482 1610 singulis
505 1519 685 1585 homiuibus
708 1544 747 1585 ex
771 1520 856 1585 tribu
879 1523 1029 1607 petitoris.

257 1633 307 1700 Ad
341 1636 417 1702 Vlll
450 1644 481 1699 et
509 1635 565 1698 IX.
612 1632 738 1698 Licebat
763 1633 871 1698 amicis
901 1635 1057 1700 candidati
1084 1635 1163 1703 haec
1193 1636 1242 1703 fa-

214 1770 285 1812 cere
316 1756 353 1811 ut
381 1755 513 1832 apparet
542 1768 581 1809 ex
612 1754 690 1811 orat.
716 1768 774 1831 pro
798 1769 927 1813 munaus
948 1745 992 1835 ²):
1023 1747 1168 1830 „factum
1195 1760 1243 1816 est

211 1859 302 1942 „hoc
321 1859 360 1923 ab
381 1859 448 1922 cius
466 1858 574 1922 amicis
593 1879 680 1922 more
700 1867 731 1921 et
751 1856 866 1922 modo’'
887 1859 985 1923 immo
1005 1883 1105 1946 quum
1125 1884 1241 1929 cronno

121 1999 127 2011 ·
213 1972 338 2059 petebat
358 1969 575 2047 consulatum,
593 1968 759 2035 candidato
778 1969 837 2033 boc
857 1971 950 2035 ctiam
972 1970 1109 2052 licuisse,
1130 1973 1242 2039 confici

213 2096 315 2170 potest
337 2107 375 2147 ex
399 2082 500 2147 verbis
523 2082 562 2162 Q.
587 2080 693 2145 fratris
713 2080 760 2168 ⁸):
786 2092 860 2162 „est
881 2081 1074 2170 benignitas,
1103 2085 1136 2149 in
1160 2107 1241 2151 con-

214 2197 346 2277 υνίνὶἰε,
383 2216 464 2280 qnae
494 2193 543 2257 fac
565 2203 597 2257 et
627 2193 681 2257 abs
704 2202 734 2257 te
757 2202 788 2257 et
811 2192 850 2257 ab
876 2195 984 2260 amicis
1007 2196 1067 2261 tuis
1094 2197 1241 2263 concele-

212 2307 374 2389 „breutur
397 2319 426 2371 ct
441 2306 561 2392 passim
584 2317 614 2370 et
636 2303 804 2368 tributim.''

259 2423 298 2485 X.
335 2423 376 2484 Ut
399 2430 503 2483 custos
525 2416 698 2482 accusatori
721 2438 740 2480 a
762 2439 818 2481 reo
840 2428 1062 2503 apponeretur.
1088 2420 1116 2508 ⁴)

260 2532 366 2616 Caput
404 2529 442 2595 de
481 2527 608 2593 custode
650 2528 788 2617 (Φύλαξ)
832 2528 896 2594 buc
929 2531 1063 2608 inserui,
1099 2530 1245 2617 quamvis

215 2645 354 2708 incertus
384 2640 531 2705 haeream
566 2663 605 2704 ex
639 2662 705 2725 qua
740 2639 811 2727 lege
845 2640 1023 2726 profectum
1057 2643 1111 2708 sit:
1149 2643 1245 2708 unico

217 2756 286 2820 loco
302 2754 395 2819 huius
417 2753 549 2817 instituti
571 2752 677 2816 inveni
700 2753 906 2830 mentionem,
931 2776 1044 2838 nempe
1067 2753 1153 2839 apud
1169 2777 1243 2819 euu-

218 2886 388 2930 runcuuu:
405 2863 431 2951 ὓ)
452 2862 532 2944 νόμῳ
546 2862 577 2927 δέ
592 2887 650 2926 raaz
667 2867 721 2927 rei
736 2862 910 2944 φεύγοντος
926 2863 1023 2950 (rcus)
1039 2864 1088 2929 elci
1105 2864 1245 2945 <pelam

216 2978 260 3058 τῷ
292 2976 455 3057 κατηγόρῳ
488 2975 633 3049 διδόντος,
669 2973 748 3038 ὥστε
779 2975 823 3053 μὴ
853 2973 1003 3040 >calefeci
1032 2975 1162 3054 συνάγει
1189 2976 1243 3041 nal

219 3088 496 3170 παρκσκευνῖζετκι
532 3087 605 3166 πρὸς
644 3086 700 3167 τὴν
734 3086 925 3166 κατηγορίαν
957 3086 1023 3151 κτὲ.
1056 3088 1244 3171 permissum

218 3209 288 3262 erat
322 3196 393 3283 lege
431 3193 567 3280 quadam
602 3206 638 3260 ut
667 3218 740 3260 reus
769 3196 945 3260 accusatori
974 3207 1146 3281 apponeret
1174 3218 1245 3262 cus·

219 3307 344 3383 todem,
375 3329 416 3369 nc
438 3305 551 3369 lateret
573 3328 679 3385 reum,
704 3305 780 3391 quid
803 3317 966 3371 accusator
989 3306 1165 3373 moliretur.
1196 3305 1247 3371 Ad

221 3441 318 3504 quam
336 3417 438 3504 legem
461 3418 560 3505 igitur
579 3419 733 3505 pertineat
752 3441 846 3485 nemo
868 3417 959 3484 facile
982 3417 1077 3499 dIcct3
1102 3418 1249 3505 quamvis

257 3694 278 3760 ¹)
293 3696 315 3759 ,s
317 3710 349 3744 1c.
369 3712 393 3760 p.
411 3696 479 3743 Mur.
498 3699 531 3744 34
550 3694 563 3758 b
582 3697 622 3743 72.

259 3779 279 3846 ²)
297 3781 360 3831 Ibit.
377 3781 393 3829 l.
403 3782 420 3830 l.

258 3862 279 3932 ὅ)
297 3866 328 3925 Q.
348 3866 377 3914 fr.
395 3866 427 3914 do
444 3874 495 3928 pot.
512 3878 580 3913 cons.
602 3868 630 3911 ll
650 3864 663 3927 t
681 3868 722 3912 44.

258 3948 413 4011 ⁴J1'lurimu
435 3950 565 3998 custodum
589 3949 684 3999 mentio
702 3949 729 3997 fit
748 3948 814 4012 apud
831 3961 921 4007 ruur.;
940 3948 972 3999 dc
989 3948 1110 4012 capienda
1126 3960 1161 3999 ex
1178 3947 1249 3998 luim-

224 4034 339 4084 militate.
357 4051 378 4082 c.
399 4038 421 4080 a.

258 4116 278 4183 ⁵)
296 4121 377 4169 Puer.
395 4116 451 4171 Cat.
469 4117 535 4167 Mim
554 4121 596 4165 21.
