2910 4950
769 412 811 479 52

280 625 404 703 berem3
441 619 605 687 tractanda
637 643 725 686 nunc
753 631 828 686 sunt
859 643 897 687 ea
928 633 1086 711 tempora,
1123 625 1161 691 (16
1192 622 1306 713 quibus

281 737 417 804 certiora
431 743 463 799 et
482 733 575 821 plura
593 745 737 798 veterum
755 735 932 800 testimonia
952 735 992 800 ad
1008 759 1064 802 nos
1080 751 1304 824 pervenerunt.

280 846 363 914 Volo
385 868 422 911 ea
444 855 604 930 tempora,
636 843 752 929 quibus
775 866 878 910 mores
901 846 1078 912 invenimus
1104 848 1305 935 depravatos,

282 980 382 1044 quum
413 957 570 1022 civitatem
598 957 781 1021 invasissent
811 956 939 1022 luxuria
962 969 994 1023 et
1023 962 1170 1039 avaritia,
1202 960 1308 1025 homi-
1339 982 1343 989 ’

283 1092 401 1156 uesque
432 1069 693 1150 Φιλονεικοτέρους
720 1074 774 1133 τοῦ
805 1068 921 1142 δέοντος
952 1069 1021 1150 napi
1048 1095 1084 1135 τε
1112 1073 1171 1144 τὰς
1201 1074 1307 1154 ἀρχὰς

283 1182 336 1247 aa)
361 1181 421 1253 τὰς
445 1179 552 1252 ἄλλοις
576 1179 750 1259 ἐπιβουλάς
772 1181 812 1269 ¹).

285 1328 289 1336 ·
327 1291 457 1356 Initium
479 1289 639 1375 capiemus
662 1311 681 1353 a
701 1285 775 1355 loco
797 1289 901 1358 Schol.
926 1291 1001 1359 Bob.
1027 1294 1149 1380 saepius
1166 1292 1307 1371 laudato,

284 1405 339 1491 qui
361 1426 470 1469 ansam
493 1400 582 1467 nobis
605 1402 766 1488 praebebit
788 1413 825 1469 ut
851 1426 945 1468 asan
966 1426 1145 1491 sanansque
1168 1415 1310 1492 tempora

283 1510 470 1595 tractemus3
496 1515 601 1599 itaque
625 1514 883 1600 respondibemus
906 1517 1095 1601 quaestioni:

760 1715 776 1796 1
801 1713 840 1792 6,

285 1886 289 1893 ’
377 1870 444 1952 Quo
466 1869 649 1958 reserandus
672 1870 710 1934 n‘t
733 1871 814 1934 locta
835 1869 1028 1936 scholiastae
1048 1871 1217 1940 Bobieusis.

284 2118 289 2129 .
330 2073 475 2137 Diximus
501 2090 597 2156 supra
623 2068 663 2135 (16
685 2072 872 2135 auctoritate
896 2069 1001 2137 Schol.
1026 2072 1102 2139 Bob.
1127 2084 1159 2138 et
1181 2073 1220 2138 (16
1242 2073 1313 2139 1666

284 2182 328 2248 ad
351 2183 439 2248 Orat.
464 2204 495 2267 p.
519 2180 610 2245 Sulla
634 2204 661 2247 c.
680 2181 710 2247 5.
727 2179 773 2269 ²):
806 2203 905 2263 „nam
928 2184 1142 2268 superioribus
1164 2182 1312 2271 tempori·

284 2334 305 2376 -‚,
314 2294 373 2359 bus
406 2294 490 2384 (ante
518 2291 621 2378 legem
650 2290 866 2381 Calpurniam)
904 2293 1044 2360 damnati
1072 2296 1142 2384 lege
1167 2296 1313 2362 Cornelia

288 2406 376 2489 „hoc
402 2426 504 2492 genus
526 2425 646 2488 poenae
670 2402 811 2468 ferebant
834 2414 871 2469 ut
896 2409 1140 2494 magistratuum
1166 2408 1313 2494 petitione

288 2539 373 2604 „per
399 2541 419 2580 x
451 2538 549 2580 annos
580 2514 780 2581 abstinerent.
835 2516 1007 2603 Aliquanto
1040 2528 1147 2604 postea
1177 2519 1315 2583 severior

288 2628 365 2712 „lex
398 2626 570 2713 Calpurnia
598 2636 629 2691 et
659 2627 794 2713 pecunia
824 2627 971 2693 multavit
997 2638 1029 2693 et
1062 2629 1094 2693 in
1124 2641 1315 2716 perpetuum

283 2738 489 2822 ·‚,hon0ribus
512 2738 600 2802 iussit
622 2760 731 2802 carere
753 2737 938 2804 damnatos''
965 2749 1036 2805 cett.

335 2849 483 2915 Relatum
514 2859 560 2914 est
586 2848 667 2914 illud
697 2849 777 2943 legis
806 2850 968 2917 Corneliae
996 2861 1091 2938 caput
1117 2852 1157 2918 ad
1180 2851 1318 2918 diversas

291 2960 395 3048 leges,
420 2956 459 3023 ad
481 2959 604 3025 diversa
627 2971 781 3046 tempora.
828 2963 880 3026 Sic
907 2985 936 3028 v.
955 2986 981 3028 c.
1007 2986 1082 3028 narn
1103 2963 1130 3053 ³)
1159 2965 1257 3029 refert
1279 2963 1319 3028 aul

292 3073 395 3159 legam
416 3070 592 3135 Corneliam
609 3070 771 3151 Fulviam3
790 3096 931 3138 ansanus
948 3099 1042 3140 uirus
1058 3076 1084 3164 ⁴)
1107 3087 1139 3140 et
1157 3099 1279 3140 ancara
1290 3076 1316 3164 ⁵)

294 3183 334 3249 ad
368 3182 470 3270 legem
502 3182 679 3248 Corneliam
709 3185 873 3266 Baebiam;
910 3208 1062 3251 mounsau
1088 3187 1115 3276 ⁰)
1149 3186 1188 3250 ad
1215 3187 1319 3275 legem

287 3293 455 3384 ⁸quandam
479 3317 605 3362 666616.
651 3295 781 3362 Dubitat
803 3310 944 3363 nrasunn
969 3297 996 3386 ⁷)
1019 3297 1056 3362 de
1080 3319 1320 3366 6616666666-

296 3428 420 3486 usano,
445 3405 483 3471 de
503 3431 598 3473 susan
618 3418 649 3474 et
672 3408 710 3474 de
734 3431 893 3476 consumo
916 3432 1099 3476 unsaraim
1124 3410 1228 3500 (595).

331 3607 350 3666 ¹)
368 3609 469 3658 Poura.
489 3609 537 3658 VI.
557 3613 588 3659 51
610 3611 624 3672 5
643 3613 666 3658 5.

330 3689 470 3758 11016666.
489 3694 570 3743 Tom-
582 3695 616 3743 V.
634 3708 658 3757 p.
678 3695 737 3742 361.

332 3775 352 3842 ³)
370 3779 445 3828 Ram.
464 3792 504 3842 op.
525 3778 542 3826 1.
561 3793 585 3842 p.
604 3779 661 3826 tos.

332 3860 354 3926 ⁴)
372 3864 403 3913 In
423 3871 507 3912 annot.
526 3863 559 3911 ad
576 3861 661 3911 Schol.
680 3861 746 3924 apud
764 3873 858 3910 onata.
879 3860 923 3910 l.l.

334 3946 353 4012 ⁵)
370 3949 473 3999 Handb.
491 3949 536 3998 dar
553 3946 626 3996 Ri'um
646 3945 736 4009 Antiq.
755 3945 785 3993 Τ.
804 3946 840 3994 11.
858 3951 881 3994 2.
900 3961 923 4010 p.
944 3952 984 3996 41.

332 4030 355 4097 ⁶)
370 4033 524 4090 Mnuusau,
541 4030 572 4078 (16
590 4027 703 4089 collegiis
720 4037 746 4079 et
763 4030 841 4078 sodal.
862 4031 935 4080 Rom.
954 4047 978 4096 p.
997 4038 1037 4082 14.
1058 4051 1081 4082 n.
1103 4036 1124 4082 7.

332 4115 498 4183 ⁷)N1ant'rua
515 4117 639 4177 Vortriiga
658 4116 692 4164 II.
714 4120 779 4175 225,
798 4120 856 4165 226.
877 4115 918 4166 n⁰.
930 4121 962 4167 vl.
