2910 4950
685 364 747 427 168

208 569 277 636 lent
303 570 387 656 apud
417 573 594 646 Romanos,
624 571 650 635 si
679 570 735 656 qui
765 570 966 658 magistratus
999 568 1118 635 obeunt
1147 591 1235 635 anuo

210 704 269 748 suo
295 693 359 747 tres
380 683 461 748 iuter
483 681 626 769 singulos
646 681 781 747 honores
803 682 879 746 anni
901 681 1110 761 intercedere3
1135 682 1235 768 igitur

209 793 291 860 dioet
321 794 433 880 aliquis
462 818 611 860 rtauurus
641 793 829 859 aedilitatem
854 795 930 880 petit
953 817 981 861 a.
1006 818 1038 861 u.
1063 817 1089 860 c.
1116 796 1190 861 700.
1216 817 1237 860 a

210 907 244 974 C.
265 908 319 973 54.
337 919 374 971 ut
392 907 447 972 illo
466 931 598 973 munera
616 907 805 993 fungeretur
819 907 851 970 in
864 929 984 970 animm
996 916 1188 992 sequentem.
1203 905 1233 993 ²)

210 1018 304 1100 Quod
323 1043 423 1105 quum
441 1021 580 1086 veritatis
597 1021 732 1106 speciem
747 1019 865 1084 referre
878 1018 1021 1084 videatur
1031 1017 1236 1082 refutandum

209 1141 266 1199 est.
298 1133 440 1198 Primum
460 1135 571 1198 nititur
589 1133 694 1218 opinio
712 1154 787 1196 mea
801 1132 978 1196 testimonio
992 1129 1097 1197 Schol.
1113 1128 1190 1196 Bob.
1207 1127 1236 1216 ³)

212 1242 268 1328 qui
286 1254 432 1309 annotat:
453 1245 540 1326 „iam
559 1244 599 1310 de
613 1242 765 1309 sodaliciis
778 1265 904 1308 caueam
916 1241 1038 1307 dixerat
1049 1266 1077 1308 r.
1090 1262 1239 1312 varamus

158 1388 167 1401 ·
212 1351 348 1434 „eodem
372 1351 557 1418 defendente
581 1376 614 1419 u.
640 1352 840 1432 crcuaoaa,'‘
877 1353 993 1438 quibus
1021 1351 1123 1416 verbis
1152 1361 1239 1417 recte

212 1463 500 1550 explicaturtocus
523 1465 550 1553 Ι)
584 1464 639 1530 ubi
666 1467 811 1552 queritur
841 1475 958 1535 orator.
987 1487 1019 1530 se
1049 1462 1088 1529 de
1119 1462 1241 1528 consilii

212 1577 365 1641 sententia
390 1577 423 1641 in
441 1577 587 1662 proximo
604 1597 660 1643 reo
679 1580 706 1646 V
725 1578 866 1642 reiecisse
883 1576 1018 1655 iudices,
1039 1574 1242 1663 quodquam

212 1696 291 1751 esset
321 1698 431 1750 contra
459 1687 581 1774 legem,
611 1712 674 1753 non
703 1687 911 1754 dubitandum
942 1690 1019 1773 quin
1050 1687 1169 1753 factum
1200 1688 1241 1751 sit

213 1797 344 1864 arbitrio
377 1797 520 1864 factionis
554 1800 688 1865 victricis
722 1801 754 1864 iu
786 1798 988 1865 commodum
1019 1821 1151 1865 varran.
1198 1799 1242 1864 tt

211 1932 266 2003 ne·
283 1910 378 1974 unico
408 1909 468 1979 hoc
497 1922 687 1998 argumento
715 1913 773 1977 niti
801 1911 926 1989 videar,
951 1909 1172 1976 adducendum
1195 1921 1243 1977 est

213 2043 379 2087 ercuuours
412 2024 645 2090 testimonium:
684 2023 710 2112 ⁵)
749 2025 930 2105 „orationes
964 2047 1022 2109 pro
1056 2046 1177 2089 scauro
1211 2034 1244 2089 et

214 2157 299 2220 „pro
328 2157 463 2201 autunto
494 2135 680 2223 efflagitatas
706 2134 859 2202 absolvi.''
905 2137 1010 2222 Igitur
1039 2135 1149 2202 eodem
1178 2134 1244 2202 fere

213 2256 373 2332 tempore,
397 2271 461 2334 quo
483 2270 635 2327 scaurus,
660 2272 809 2315 attactus
825 2247 972 2312 defensus
989 2259 1044 2312 est.
1067 2247 1094 2335 ⁸)
1143 2248 1242 2312 Prae-

215 2369 303 2423 terea
333 2367 369 2420 ut
391 2359 573 2422 monuimus
595 2359 753 2443 quaesitor
775 2357 942 2444 peculiaris
965 2358 1064 2422 causis
1087 2356 1126 2422 de
1148 2357 1243 2423 soda-

215 2469 294 2545 liciis
310 2479 471 2554 praedrat‚
489 2473 594 2554 quiex
608 2471 850 2557 magistratuum
864 2468 1096 2534 ordinariorum
1108 2491 1244 2534 numero

216 2590 293 2645 erat.
320 2579 347 2666 ⁷)
385 2580 567 2660 Quaestioni
586 2582 723 2667 praefuit
742 2583 774 2648 iu
795 2581 910 2647 iudicio
926 2604 1053 2646 aaaron
1069 2604 1098 2647 o.
1117 2603 1241 2660 aurius,

145 2743 148 2749 .
217 2691 273 2778 qui
313 2713 351 2755 eo
388 2713 473 2756 anno
510 2695 725 2778 quaestionem
759 2693 901 2759 exercuit
933 2692 973 2758 de
1006 2693 1176 2759 maiestate.
1213 2691 1243 2780 ⁸)

217 2805 269 2868 Sic
298 2826 377 2869 uuo
407 2803 573 2870 damnatus
604 2817 650 2870 est
680 2805 719 2871 de
749 2805 901 2871 sodaliciis
932 2804 1017 2891 apud
1045 2814 1243 2891 quaestorem
1330 2798 1338 2813 ⁸

217 2939 395 2994 rotomum,
419 2940 514 3002 quem
537 2919 632 2983 etiam
655 2941 692 2982 eo
715 2940 799 2983 auno
822 2928 1000 3005 praetorem
1023 2917 1116 2983 fuisse
1139 2916 1245 3003 perhi-

217 3029 272 3095 bet
297 3044 433 3096 rrumus.
461 3029 488 3118 θ)
536 3031 636 3097 Locus
666 3031 721 3115 qui
751 3028 841 3094 valde
870 3051 1015 3116 pugnare
1037 3027 1162 3096 videtur
1187 3051 1248 3115 pro

255 3223 275 3288 ¹)
293 3226 434 3275 thanatos
451 3226 478 3274 ia
496 3240 592 3287 argum.
612 3226 644 3274 ad
662 3241 697 3274 or.
716 3242 740 3290 p.
754 3226 842 3276 Plane.
871 3224 910 3276 Cf.
925 3237 1073 3275 wuanauus
1085 3224 1148 3289 prul.
1158 3223 1247 3275 LXV.

219 3311 370 3360 Fuuaarrt‘s
395 3321 480 3360 tamon
502 3319 568 3360 recte
592 3311 705 3374 probavit
737 3312 784 3375 Ep.
813 3316 851 3360 ta.
874 3310 892 3360 Ι.
911 3312 945 3360 V.
960 3311 1026 3361 hanc
1043 3311 1167 3360 ratiouan
1185 3309 1247 3360 obti-

220 3396 304 3446 nuisse
321 3396 347 3444 in
366 3396 551 3457 magistratibus
567 3396 709 3456 curulibus,
727 3412 779 3447 non
798 3397 824 3446 in
843 3397 953 3459 plebeiis.

256 3476 277 3540 ²)
296 3480 381 3528 Schol.
399 3480 464 3528 Bob.
483 3495 507 3542 p.
524 3495 567 3529 oa.
588 3484 646 3528 262.

255 3559 277 3627 ⁶)
295 3561 350 3612 Cre.
368 3577 392 3625 p
411 3561 499 3612 Plane.
521 3566 551 3611 16
572 3565 586 3625 ξ
604 3570 646 3614 40.

255 3643 276 3708 ⁴)
295 3645 351 3697 Cre.
368 3646 415 3711 Ep.
434 3647 467 3696 ad
484 3646 516 3707 Q.
534 3646 552 3695 f.
570 3648 621 3697 111.
644 3652 654 3697 1
675 3647 688 3712 p
706 3655 729 3697 4.

257 3726 277 3793 ⁵)
295 3743 320 3779 t.
338 3745 420 3780 auos
438 3732 464 3781 in
482 3731 560 3795 praet.
578 3732 610 3780 ad
627 3732 704 3782 libros
720 3732 752 3783 do
769 3732 831 3796 Rop
849 3747 874 3796 p
887 3733 964 3783 VIII.
982 3748 1004 3784 c
1024 3736 1044 3782 1.
1059 3732 1155 3783 Itomae
1172 3735 1250 3782 maa.

222 3832 261 3881 op.
281 3817 298 3865 Ι.
317 3831 341 3879 p.
360 3821 419 3864 482.

256 3899 277 3963 ὓ)
296 3901 384 3950 Duru.
404 3901 451 3951 VI.
470 3916 493 3965 p.
514 3905 546 3949 48
565 3917 618 3966 sqq.

255 3984 276 4049 ⁷]
295 3987 450 4036 Wurouaus
468 3986 537 4036 Prol.
557 3987 574 4035 Ι.
592 3988 643 4037 ΙΙΙ
660 4002 682 4039 e.
702 3991 725 4036 2.
743 4001 768 4050 p.
789 3987 830 4035 70.
850 3987 890 4036 ΙΙ.

256 4069 277 4136 ⁸)
294 4071 349 4123 Crc.
368 4088 392 4136 p.
411 4072 498 4121 Plane.
519 4077 551 4120 20
569 4071 582 4135 p
600 4076 642 4121 49.
