2910 4950
692 367 757 432 110

212 599 291 642 sine
321 599 351 642 o.
382 595 484 641 ιιιιιιο
514 594 630 640 rreone
660 595 737 639 coss.
767 572 952 659 praesertim
986 595 1025 638 ex
1058 575 1172 660 prioris
1202 587 1240 645 ut

209 689 335 755 videtur
358 689 521 756 sententia.
552 685 723 752 Consulatu
743 684 843 750 functi
860 695 935 750 sunt
953 707 1038 751 anno
1056 698 1130 754 ante
1147 712 1239 757 cron-

212 822 339 879 sonsu,
362 801 461 888 igitur
483 822 521 863 eo
541 821 641 877 enno,
663 819 726 884 quo
749 819 919 862 carrarum
942 798 1117 864 coniuratio
1136 801 1240 868 altera

155 991 156 994 Ἴ
208 913 325 998 incepit
347 912 385 1000 ¹).
432 912 530 975 Erant
552 910 608 974 illa
630 909 698 988 lex,
729 918 761 974 et
782 908 862 973 illud
888 911 1015 988 sctum,
1047 912 1114 976 sine
1137 912 1237 981 dubio

209 1022 273 1089 leta
307 1022 347 1087 ed
375 1021 528 1086 ambitum
562 1019 782 1089 coercendum.
836 1022 1024 1109 Ceteroquin
1055 1022 1094 1088 de
1125 1026 1162 1092 iis
1191 1025 1239 1092 nil

209 1134 304 1201 statui
325 1157 415 1221 posse
436 1131 575 1211 videtur,
599 1133 658 1197 nisi
681 1132 767 1218 quod
789 1156 830 1198 ex
851 1132 922 1198 loce
945 1132 966 1200 l.
993 1157 1159 1202 cressonis
1179 1159 1240 1226 ap·

208 1255 319 1333 pareat
340 1269 406 1311 esse
428 1247 460 1311 in
484 1269 522 1309 eo
544 1246 618 1311 Scte
641 1257 770 1311 cautum
792 1244 832 1310 de
857 1245 1062 1312 sectatoribus
1081 1248 1122 1336 ²).

254 1472 373 1558 Legem
402 1467 539 1534 Tulliam
569 1492 635 1534 esse
666 1467 792 1555 proprie
823 1467 1239 1547 Setum,exloeon10r1s

210 1604 309 1647 ossen
334 1582 360 1669 ³)
398 1581 520 1666 saepius
550 1580 613 1643 iam
642 1579 786 1657 laudato,
818 1590 957 1666 apparet.
1006 1582 1111 1645 Fuisse
1133 1580 1240 1669 legem

210 1694 348 1758 Tulliam
376 1690 631 1777 supplementum
655 1690 734 1778 legis
755 1691 945 1776 Calpurniae
968 1692 1018 1757 vel
1042 1691 1238 1760 additamen-

210 1817 280 1872 tum
309 1827 366 1891 per
396 1802 705 1889 interpretationem,
736 1802 901 1869 conficitur
931 1826 970 1870 ex
1000 1803 1103 1870 verbis
1131 1826 1239 1871 ιιιοιιιι

210 1939 310 1982 essen
331 1916 386 2002 qui
404 1915 512 1981 scribit
530 1913 614 1992 ἔδοξε
630 1924 670 1996 τῇ
692 1914 792 1996 βουλῇ
813 1951 859 1964 -
880 1914 956 1979 ltus
974 1917 1048 1980 ἑτῶν
1068 1917 1177 1999 φυγὴν
1194 1954 1240 1968 -

210 2028 491 2109 πρισνιμοθετῆσαι
517 2036 548 2091 et
566 2048 605 2090 ex
625 2026 766 2090 oratione
788 2049 847 2112 pro
869 2049 1015 2093 nenena:
1037 2026 1064 2115 ⁴)
1103 2028 1241 2110 „Dixisti

212 2141 346 2221 „Solum
377 2162 428 2203 me
460 2137 617 2203 referente
647 2161 712 2202 esse
742 2137 861 2203 factum
885 2139 906 2204 i.
920 2163 947 2204 e.
968 2137 1127 2224 perlatum
1149 2139 1241 2228 ⁵)‚si

210 2249 384 2332 „mercede
413 2251 554 2335 corrupti
584 2249 708 2314 obviam
732 2249 903 2315 candidatis
925 2251 1019 2315 issent
1041 2288 1086 2300 -
1108 2260 1141 2315 et
1162 2252 1240 2318 item

212 2361 373 2448 „prandia
402 2361 502 2449 vulgo
536 2371 637 2426 essent
667 2361 756 2438 data,
787 2375 893 2426 centro
916 2364 1013 2448 lepem
1038 2361 1240 2449 Calpurniam

213 2475 359 2561 „soem
385 2472 515 2538 videri.”
562 2475 609 2538 Ex
632 2496 696 2559 quo
718 2472 789 2537 leco
811 2474 906 2538 simul
922 2474 1109 2562 intelligitur
1129 2477 1240 2540 Setum

213 2611 241 2652 1..
263 2608 403 2651 cessure
433 2582 711 2650 consule‘faetum
735 2587 864 2650 minoris
887 2585 981 2651 fuisse
1004 2587 1170 2666 momenti,
1203 2596 1241 2652 ut

213 2699 307 2763 etiam
338 2697 391 2761 lex
421 2696 529 2774 Fabia,
562 2697 677 2783 quippe
707 2696 792 2784 quod
818 2698 1023 2784 Calpurniam
1046 2698 1149 2786 legem
1172 2721 1239 2766 ιιοιι

214 2808 408 2875 sustulerint.
456 2809 540 2890 Quid
571 2821 700 2874 cautum
727 2809 798 2897 lege
825 2810 930 2876 Tullia
949 2810 1045 2874 fuerit
1068 2809 1240 2875 admodum

215 2933 361 2988 accurate
395 2922 474 2987 seire
508 2944 673 3008 possumus
703 2946 743 2987 ex
776 2924 917 2988 oratione
947 2922 1042 3009 ipsius
1072 2943 1241 2987 cressonis

214 3057 274 3122 pro
305 3058 333 3100 r..
366 3057 495 3100 musena
525 3058 563 3098 ex
595 3034 666 3121 lege
696 3034 801 3099 Tullia
830 3034 965 3100 ambitus
996 3056 1068 3113 reo,
1097 3033 1243 3119 quamvis

215 3148 336 3234 ingenti
368 3146 548 3234 argumenti
577 3147 677 3210 nostri
707 3145 844 3226 damno,
875 3147 959 3211 bona
988 3167 1061 3231 pars
1091 3145 1243 3211 orationis

215 3259 378 3324 interierit.
406 3258 432 3346 θ)
481 3255 636 3345 Colligam
671 3280 752 3344 quae
783 3280 858 3323 suae
887 3256 966 3344 legis
994 3256 1096 3342 capita
1126 3279 1243 3323 orosae

252 3466 271 3532 ¹)
290 3468 370 3519 Snus.
389 3470 456 3520 Bell.
474 3471 530 3522 Cet.
550 3475 588 3523 rt.
630 3474 782 3524 Beocnroo
800 3489 824 3537 p.
841 3477 900 3522 408.
918 3471 1017 3521 videtur
1034 3472 1142 3535 cogitare
1159 3472 1245 3535 legem

216 3554 324 3606 Fabiam
347 3564 372 3606 et
395 3556 482 3607 Sctmn
505 3558 582 3610 hocce
599 3560 685 3624 paullo
701 3567 757 3624 post
774 3559 857 3622 legem
874 3558 984 3608 Mariam
1001 3557 1077 3607 feisse
1094 3558 1159 3608 late:
1176 3558 1245 3623 qued

217 3655 287 3691 secus
305 3655 357 3690 esse
374 3641 438 3690 ratio
456 3642 510 3705 ipse
527 3643 607 3692 docet.

252 3719 273 3786 ²)
291 3724 330 3773 De
339 3725 500 3773 sectatoribus
509 3726 565 3774 vide
575 3724 640 3774 infra
646 3729 685 3789 p.l
694 3723 770 3775 raet.
776 3736 858 3774 ιιιιιιιι
866 3724 952 3789 opinio
961 3739 994 3775 ex
1000 3740 1076 3776 esur.
1083 3723 1244 3776 Catilius.

252 3804 272 3870 ⁸)
290 3807 342 3869 Dio
361 3820 461 3856 ensesue
480 3806 599 3857 XXVII.
619 3812 660 3857 29.

252 3888 272 3953 ⁴)
290 3889 345 3940 Cre.
363 3907 388 3955 p.
406 3891 474 3941 Mur.
493 3896 527 3940 32
546 3891 560 3956 0
577 3895 620 3942 67.

254 3968 274 4035 ⁶)
293 3974 359 4023 Vide
376 3989 452 4038 supra
468 3989 492 4038 p
515 3978 571 4024 108.
590 3991 615 4024 ιι.
635 3978 661 4024 3.
680 3979 745 4039 etp.
768 3979 823 4026 109.
843 3992 868 4026 ιι.
889 3981 909 4026 l.

253 4052 274 4121 ὓ)
293 4058 346 4121 [Ex
369 4071 451 4106 remu
475 4058 521 4121 Ep.
546 4058 569 4108 Ι.
595 4063 636 4109 00.
660 4068 763 4123 apparet
781 4059 847 4111 hene
864 4066 961 4124 partem
978 4061 1107 4114 Ciceronis
1124 4061 1245 4113 orationis
