2910 4950
696 375 760 465 ms

212 584 437 664 mathematici,
462 582 616 670 sortilegi,
640 581 756 669 aliique
775 580 807 647 id
828 604 947 670 genus,
973 581 1028 647 ubi
1045 583 1143 671 igitur
1159 584 1243 652 laeta

211 720 301 784 seges
324 705 391 762 erat
415 693 689 782 corrumpentibus
707 694 747 783 ¹).
780 696 899 761 Crcnno
922 695 954 759 in
977 694 1088 760 eadem
1110 697 1242 784 epistola

211 819 282 896 post
307 807 371 873 duo
397 809 471 873 Sota
498 818 654 873 memorat
676 806 781 894 legem
804 830 1102 884 nurrnnnnnoorus
1124 809 1242 896 inqua

211 919 244 985 id
266 931 345 985 essct
367 920 439 984 novi
464 930 499 983 ut
522 919 577 1004 qui
599 940 747 983 nummos
770 919 803 984 in
827 918 927 984 tribus
949 920 1195 1005 pronuntiasset,
1214 921 1242 985 si

210 1054 276 1097 non
306 1029 440 1095 dedisset
468 1031 598 1116 impune
630 1040 724 1110 esset,
750 1031 796 1095 sin
820 1029 953 1096 dedisset
976 1040 1012 1095 ut
1029 1030 1136 1116 quoad
1157 1032 1241 1097 vive-

210 1152 260 1208 ret
285 1140 420 1229 singulis
450 1141 593 1206 tribubus
620 1142 685 1211 tria¹
707 1142 808 1206 millia
835 1144 895 1208 llS.
920 1141 1057 1208 deberet.
1096 1143 1173 1208 Lata
1195 1152 1243 1209 est

209 1252 288 1318 haec
309 1252 361 1318 lex
383 1251 493 1318 eodem
516 1276 600 1318 anno
624 1276 688 1339 quo
710 1253 774 1319 duo
796 1253 852 1318 illa
874 1255 964 1331 scta,
989 1255 1087 1342 igitur
1110 1277 1138 1320 a.
1160 1276 1193 1320 u.
1211 1277 1240 1323 c.

211 1365 286 1431 693.
307 1388 335 1432 a.
357 1365 389 1431 C.
417 1366 469 1432 61.
517 1367 585 1430 lam
608 1365 696 1432 locus
719 1366 774 1431 ubi
797 1366 874 1432 baec
890 1377 1063 1431 narrantur
1080 1377 1127 1431 est
1144 1389 1241 1432 occu·

208 1479 308 1543 ratius
341 1476 592 1564 pertractandus,
612 1536 614 1541 .
637 1479 702 1542 Lex
732 1478 846 1544 talibus
875 1478 978 1544 verbis
1012 1488 1164 1564 concepta
1194 1488 1243 1544 est

209 1599 247 1654 ut
275 1588 401 1653 difficile
428 1587 542 1674 aliquis
571 1589 655 1654 dicut
677 1589 754 1675 quid
776 1590 835 1655 hac
859 1590 929 1679 lege
953 1601 1082 1656 cautum
1106 1590 1146 1655 sit
1175 1599 1242 1672 „ut

209 1698 340 1787 „quoad
363 1701 448 1764 vivat
470 1701 531 1764 tria
555 1699 654 1765 millia
675 1703 737 1766 HS.
762 1701 894 1789 singulis
921 1701 1066 1767 tribubus
1092 1699 1238 1766 debeat.’'

209 1811 294 1895 Quid
325 1812 385 1877 hoc
415 1810 588 1899 significat?
635 1813 825 1898 Interpretes
844 1811 954 1878 dicunt
975 1813 1152 1900 quotannis,
1185 1809 1240 1878 sed

209 1923 264 1989 ubi
292 1923 352 1989 hoc
380 1923 521 2011 legitur?
567 1925 598 1988 Is
621 1924 676 2010 qui
698 1924 842 1989 tribubus
863 1925 1079 2011 pronuntiavit
1101 1933 1133 1989 et
1154 1923 1242 1989 dedit

209 2045 379 2123 argentum
410 2058 475 2121 quo
504 2036 658 2124 suffragia
687 2047 807 2100 emeret
828 2037 894 2100 sine
917 2035 1013 2102 dubio
1035 2047 1081 2101 est
1104 2035 1242 2101 ambitus

210 2145 388 2212 damnatus.
434 2147 472 2210 ln
503 2146 633 2211 exilium
664 2146 763 2233 igitur
793 2168 831 2210 eo
861 2155 1002 2232 tompore
1029 2144 1115 2213 abiit.
1161 2146 1242 2229 Quis

209 2256 309 2322 solvet
327 2257 387 2320 tria
406 2255 505 2321 millia
524 2257 595 2320 HS?
626 2255 814 2320 Praesertim
834 2277 908 2319 cum
928 2255 974 2334 ei,
999 2256 1054 2341 qui
1073 2255 1243 2342 largitione

210 2369 431 2457 magistratum
461 2366 643 2432 obtinebant
672 2377 763 2430 erant
792 2389 865 2431 aere
892 2366 996 2431 alieno
1024 2365 1131 2431 obruti
1152 2366 1241 2452 quod

210 2501 240 2545 v.
258 2503 285 2545 e.
313 2482 346 2544 in
376 2478 551 2565 urton1s2)
584 2488 617 2542 et
646 2499 794 2543 cursurus
819 2477 845 2566 ³)
878 2476 1030 2563 exemplis
1059 2476 1241 2543 luculenter

172 2672 178 2688 ¹
211 2589 396 2656 ostenditur.
442 2591 518 2654 Ernt
538 2588 616 2654 haec
639 2588 691 2655 lex
713 2588 777 2655 lata
801 2590 833 2654 in
856 2588 1057 2655 commodum
1080 2611 1191 2655 oronn
1209 2599 1243 2655 et

211 2701 438 2769 Clodianorum
461 2724 481 2766 s
503 2723 648 2767 runcone
671 2711 711 2768 tr.
735 2701 780 2788 pl.
807 2701 893 2788 quod
916 2725 955 2766 ex
978 2701 1049 2767 loco
1072 2724 1241 2769 oromonrs

211 2814 414 2902 perspicuum
445 2824 501 2880 est.
548 2816 627 2879 Nam
658 2837 727 2880 rem
758 2816 912 2896 εἰρωνικῶς
946 2815 1095 2900 proponit
1123 2815 1242 2901 quippe

210 2947 353 2990 surrnms
375 2947 478 2990 nunno
502 2926 590 2990 bomo
612 2926 753 3002 onnon,
774 2925 850 2988 bono
869 2923 1002 3009 auspicio
1024 2944 1115 2987 suam
1134 2923 1240 3012 legem

211 3037 428 3126 promulgavit
448 3037 571 3105 solutus
594 3036 664 3124 lege
687 3036 777 3100 Aelio
798 3047 830 3100 et
851 3035 948 3101 Fufia.
991 3036 1033 3109 ‚Et
1051 3045 1149 3100 totam
1171 3057 1241 3102 rem

211 3151 281 3215 ioco
299 3150 437 3236 quodam
457 3151 488 3214 in
505 3171 646 3215 cnonron
663 3148 829 3213 convertit:
854 3170 1021 3229 „osonum
1035 3147 1119 3213 banc
1135 3148 1241 3236 legem

212 3263 303 3344 „iam
333 3261 389 3327 diu
418 3284 569 3341 servassc3
600 3261 807 3346 pronuntiare
836 3261 920 3325 enirn
951 3261 1076 3327 solitum
1112 3284 1178 3326 esse
1210 3271 1244 3327 ot

213 3397 302 3457 „non
327 3371 437 3438 dore.’'
483 3373 671 3460 Ceteroquin
698 3373 776 3439 haec
807 3372 858 3438 lex
884 3396 948 3438 non
979 3373 1101 3465 perlato
1129 3383 1176 3438 est
1204 3384 1244 3440 ut

214 3493 346 3570 apparet
372 3506 411 3547 ex
438 3505 594 3549 crcnnonn
620 3485 646 3574 ⁴)
680 3486 734 3572 qui
761 3485 856 3550 huius
883 3486 958 3550 anili
980 3484 1142 3551 historiam
1165 3485 1242 3551 bre-

249 3728 268 3796 ¹t
286 3731 385 3780 Dicitur
402 3732 434 3780 ab
452 3744 568 3781 nonnno
586 3731 673 3782 Circus
690 3731 778 3781 inllnx.
814 3730 885 3779 lion.
904 3728 957 3780 Sat.
965 3729 998 3778 --L
1017 3732 1041 3778 6.
1063 3734 1120 3780 113.

248 3812 269 3882 ²)
287 3817 403 3865 Minonis
429 3817 496 3866 bona
519 3817 650 3867 semuncia
675 3817 808 3868 venierunt
824 3822 925 3880 propter
942 3815 1006 3866 neris
1026 3814 1104 3866 alieni
1117 3816 1242 3881 msgnim

214 3901 308 3951 dinem.
328 3914 383 3950 nse.
403 3916 486 3964 pon.
507 3905 547 3950 54.

250 3981 270 4049 ³)
287 3985 363 4033 llum.
382 4000 422 4048 op.
441 3984 458 4034 l.
477 4001 501 4048 p.
521 3988 578 4034 714.
598 4001 623 4034 n.
643 3985 677 4051 (t)

224 4110 229 4118 .
249 4068 270 4130 ⁴)
287 4068 342 4121 Cre.
360 4070 392 4120 ud
410 4069 465 4119 Art.
484 4070 506 4119 Ι.
528 4074 558 4118 ltt
577 4069 590 4133 t
607 4075 632 4121 3.
