<?xml version="1.0" encoding="UTF-8"?>
<!DOCTYPE html PUBLIC "-//W3C//DTD XHTML 1.0 Transitional//EN"
    "http://www.w3.org/TR/xhtml1/DTD/xhtml1-transitional.dtd">
<html xmlns="http://www.w3.org/1999/xhtml" xml:lang="en" lang="en">
 <head>
  <title>
</title>
<meta http-equiv="Content-Type" content="text/html;charset=utf-8" />
  <meta name='ocr-system' content='tesseract 3.04.00' />
  <meta name='ocr-capabilities' content='ocr_page ocr_carea ocr_par ocr_line ocrx_word'/>
</head>
<body>
  <div class='ocr_page' id='page_1' title='image "./disputatiodecri00rinkgoog_0175.png"; bbox 0 0 2910 4950; ppageno 0'>
   <div class='ocr_carea' id='block_1_1' title="bbox 783 398 846 463">
    <p class='ocr_par' dir='ltr' id='par_1_1' title="bbox 783 398 846 463">
     <span class='ocr_line' id='line_1_1' title="bbox 783 398 846 463; baseline 0.016 -1"><span class='ocrx_word' id='word_1_1' title='bbox 783 398 846 463; x_wconf 79' lang='lat' dir='ltr'>lto</span> 
     </span>
    </p>
   </div>
   <div class='ocr_carea' id='block_1_2' title="bbox 292 592 1328 3369">
    <p class='ocr_par' dir='ltr' id='par_1_2' title="bbox 292 592 1328 3369">
     <span class='ocr_line' id='line_1_2' title="bbox 303 592 1325 697; baseline 0.003 -23"><span class='ocrx_word' id='word_1_2' title='bbox 303 617 394 674; x_wconf 87' lang='lat' dir='ltr'>erant</span> <span class='ocrx_word' id='word_1_3' title='bbox 419 607 444 694; x_wconf 91' lang='lat'>¹)</span> <span class='ocrx_word' id='word_1_4' title='bbox 470 629 499 673; x_wconf 91' lang='lat' dir='ltr'>a.</span> <span class='ocrx_word' id='word_1_5' title='bbox 525 630 558 671; x_wconf 88' lang='lat' dir='ltr'>u.</span> <span class='ocrx_word' id='word_1_6' title='bbox 582 628 608 671; x_wconf 89' lang='lat' dir='ltr'>e.</span> <span class='ocrx_word' id='word_1_7' title='bbox 635 592 717 685; x_wconf 70' lang='lat'><strong>693,</strong></span> <span class='ocrx_word' id='word_1_8' title='bbox 743 607 797 692; x_wconf 91' lang='lat' dir='ltr'>qui</span> <span class='ocrx_word' id='word_1_9' title='bbox 816 628 918 671; x_wconf 89' lang='lat' dir='ltr'>annus</span> <span class='ocrx_word' id='word_1_10' title='bbox 936 605 999 670; x_wconf 92' lang='lat' dir='ltr'>duo</span> <span class='ocrx_word' id='word_1_11' title='bbox 1018 605 1217 673; x_wconf 88' lang='lat' dir='ltr'>firmamenta</span> <span class='ocrx_word' id='word_1_12' title='bbox 1235 611 1325 697; x_wconf 88' lang='lat' dir='ltr'>Reip.</span> 
     </span>
     <span class='ocr_line' id='line_1_3' title="bbox 300 718 1328 806; baseline 0.002 -22"><span class='ocrx_word' id='word_1_13' title='bbox 300 743 357 806; x_wconf 90' lang='lat' dir='ltr'>per</span> <span class='ocrx_word' id='word_1_14' title='bbox 390 743 490 785; x_wconf 89' lang='lat' dir='ltr'>unum</span> <span class='ocrx_word' id='word_1_15' title='bbox 532 741 712 785; x_wconf 82' lang='lat' dir='ltr'>cronnonnn</span> <span class='ocrx_word' id='word_1_16' title='bbox 751 718 779 805; x_wconf 81' lang='lat'>²)</span> <span class='ocrx_word' id='word_1_17' title='bbox 821 720 989 783; x_wconf 88' lang='lat' dir='ltr'>constituta</span> <span class='ocrx_word' id='word_1_18' title='bbox 1023 719 1149 798; x_wconf 80' lang='lat' dir='ltr'>evertit3</span> <span class='ocrx_word' id='word_1_19' title='bbox 1186 742 1261 785; x_wconf 89' lang='lat' dir='ltr'>nam</span> <span class='ocrx_word' id='word_1_20' title='bbox 1295 732 1328 786; x_wconf 89' lang='lat' dir='ltr'>et</span> 
     </span>
     <span class='ocr_line' id='line_1_4' title="bbox 299 829 1325 919; baseline 0.006 -25"><span class='ocrx_word' id='word_1_21' title='bbox 299 832 434 899; x_wconf 88' lang='lat' dir='ltr'>Senatus</span> <span class='ocrx_word' id='word_1_22' title='bbox 467 833 685 897; x_wconf 87' lang='lat' dir='ltr'>auctoritatem</span> <span class='ocrx_word' id='word_1_23' title='bbox 719 829 832 895; x_wconf 89' lang='lat' dir='ltr'>abiecit</span> <span class='ocrx_word' id='word_1_24' title='bbox 871 830 998 919; x_wconf 87' lang='lat' dir='ltr'>(iudicio</span> <span class='ocrx_word' id='word_1_25' title='bbox 1027 853 1067 895; x_wconf 84' lang='lat' dir='ltr'>ex</span> <span class='ocrx_word' id='word_1_26' title='bbox 1096 854 1160 916; x_wconf 90' lang='lat' dir='ltr'>quo</span> <span class='ocrx_word' id='word_1_27' title='bbox 1191 854 1325 900; x_wconf 76' lang='lat' dir='ltr'>atomos</span> 
     </span>
     <span class='ocr_line' id='line_1_5' title="bbox 299 942 1321 1032; baseline 0.002 -24"><span class='ocrx_word' id='word_1_28' title='bbox 299 952 347 1008; x_wconf 88' lang='lat' dir='ltr'>est</span> <span class='ocrx_word' id='word_1_29' title='bbox 364 943 526 1008; x_wconf 90' lang='lat' dir='ltr'>absolutus</span> <span class='ocrx_word' id='word_1_30' title='bbox 546 942 717 1029; x_wconf 89' lang='lat' dir='ltr'>quoderat</span> <span class='ocrx_word' id='word_1_31' title='bbox 736 942 845 1007; x_wconf 88' lang='lat' dir='ltr'>datum</span> <span class='ocrx_word' id='word_1_32' title='bbox 865 966 905 1007; x_wconf 83' lang='lat' dir='ltr'>ex</span> <span class='ocrx_word' id='word_1_33' title='bbox 924 943 998 1007; x_wconf 89' lang='lat' dir='ltr'>Scto</span> <span class='ocrx_word' id='word_1_34' title='bbox 1016 952 1053 1007; x_wconf 90' lang='lat' dir='ltr'>ut</span> <span class='ocrx_word' id='word_1_35' title='bbox 1070 942 1205 1008; x_wconf 81' lang='lat' dir='ltr'>vidimus</span> <span class='ocrx_word' id='word_1_36' title='bbox 1217 968 1245 1031; x_wconf 92' lang='lat' dir='ltr'>p.</span> <span class='ocrx_word' id='word_1_37' title='bbox 1264 945 1321 1032; x_wconf 80' lang='lat'>56)</span> 
     </span>
     <span class='ocr_line' id='line_1_6' title="bbox 298 1052 1325 1139; baseline 0.002 -19"><span class='ocrx_word' id='word_1_38' title='bbox 298 1063 329 1120; x_wconf 90' lang='lat' dir='ltr'>et</span> <span class='ocrx_word' id='word_1_39' title='bbox 366 1055 513 1120; x_wconf 86' lang='lat' dir='ltr'>ordinum</span> <span class='ocrx_word' id='word_1_40' title='bbox 549 1054 750 1120; x_wconf 80' lang='lat' dir='ltr'>concordiam</span> <span class='ocrx_word' id='word_1_41' title='bbox 783 1052 943 1119; x_wconf 83' lang='lat' dir='ltr'>disiunxit.</span> <span class='ocrx_word' id='word_1_42' title='bbox 1001 1055 1180 1139; x_wconf 80' lang='lat' dir='ltr'>Coeperunt</span> <span class='ocrx_word' id='word_1_43' title='bbox 1213 1079 1253 1120; x_wconf 87' lang='lat' dir='ltr'>ex</span> <span class='ocrx_word' id='word_1_44' title='bbox 1286 1081 1325 1122; x_wconf 92' lang='lat' dir='ltr'>eo</span> 
     </span>
     <span class='ocr_line' id='line_1_7' title="bbox 296 1163 1326 1255; baseline 0.001 -23"><span class='ocrx_word' id='word_1_45' title='bbox 296 1178 438 1253; x_wconf 89' lang='lat' dir='ltr'>tempore</span> <span class='ocrx_word' id='word_1_46' title='bbox 450 1169 550 1255; x_wconf 88' lang='lat' dir='ltr'>magis</span> <span class='ocrx_word' id='word_1_47' title='bbox 569 1168 732 1254; x_wconf 81' lang='lat' dir='ltr'>magisque</span> <span class='ocrx_word' id='word_1_48' title='bbox 751 1165 918 1252; x_wconf 83' lang='lat' dir='ltr'>populares</span> <span class='ocrx_word' id='word_1_49' title='bbox 937 1166 993 1251; x_wconf 91' lang='lat' dir='ltr'>qui</span> <span class='ocrx_word' id='word_1_50' title='bbox 1009 1163 1208 1245; x_wconf 87' lang='lat' dir='ltr'>dicebantur,</span> <span class='ocrx_word' id='word_1_51' title='bbox 1229 1178 1326 1254; x_wconf 87' lang='lat' dir='ltr'>eaput</span> 
     </span>
     <span class='ocr_line' id='line_1_8' title="bbox 296 1274 1323 1364; baseline 0.001 -22"><span class='ocrx_word' id='word_1_52' title='bbox 296 1276 457 1343; x_wconf 85' lang='lat' dir='ltr'>extollere.</span> <span class='ocrx_word' id='word_1_53' title='bbox 505 1277 663 1340; x_wconf 80' lang='lat' dir='ltr'>Ponmms</span> <span class='ocrx_word' id='word_1_54' title='bbox 693 1274 887 1339; x_wconf 88' lang='lat' dir='ltr'>abalienatus</span> <span class='ocrx_word' id='word_1_55' title='bbox 919 1286 1027 1339; x_wconf 88' lang='lat' dir='ltr'>erata</span> <span class='ocrx_word' id='word_1_56' title='bbox 1054 1299 1209 1343; x_wconf 79' lang='lat' dir='ltr'>croanonn</span> <span class='ocrx_word' id='word_1_57' title='bbox 1231 1301 1323 1364; x_wconf 87' lang='lat' dir='ltr'>prae·</span> 
     </span>
     <span class='ocr_line' id='line_1_9' title="bbox 295 1371 1324 1475; baseline 0.001 -21"><span class='ocrx_word' id='word_1_58' title='bbox 295 1389 401 1454; x_wconf 87' lang='lat' dir='ltr'>sertim</span> <span class='ocrx_word' id='word_1_59' title='bbox 426 1387 511 1472; x_wconf 92' lang='lat' dir='ltr'>quod</span> <span class='ocrx_word' id='word_1_60' title='bbox 533 1387 585 1452; x_wconf 89' lang='lat' dir='ltr'>bie</span> <span class='ocrx_word' id='word_1_61' title='bbox 607 1386 647 1451; x_wconf 91' lang='lat' dir='ltr'>ad</span> <span class='ocrx_word' id='word_1_62' title='bbox 670 1386 829 1452; x_wconf 82' lang='lat' dir='ltr'><strong>absentem</strong></span> <span class='ocrx_word' id='word_1_63' title='bbox 853 1387 884 1450; x_wconf 93' lang='lat' dir='ltr'>in</span> <span class='ocrx_word' id='word_1_64' title='bbox 909 1387 1044 1451; x_wconf 87' lang='lat' dir='ltr'>Pontum</span> <span class='ocrx_word' id='word_1_65' title='bbox 1064 1371 1192 1453; x_wconf 91' lang='lat' dir='ltr'>dederat</span> <span class='ocrx_word' id='word_1_66' title='bbox 1209 1388 1324 1475; x_wconf 76' lang='lat' dir='ltr'>episto-</span> 
     </span>
     <span class='ocr_line' id='line_1_10' title="bbox 294 1498 1323 1586; baseline 0.002 -22"><span class='ocrx_word' id='word_1_67' title='bbox 294 1499 375 1578; x_wconf 90' lang='lat' dir='ltr'>lam,</span> <span class='ocrx_word' id='word_1_68' title='bbox 414 1521 476 1585; x_wconf 91' lang='lat' dir='ltr'>qua</span> <span class='ocrx_word' id='word_1_69' title='bbox 510 1498 708 1586; x_wconf 84' lang='lat' dir='ltr'>gloriabatur</span> <span class='ocrx_word' id='word_1_70' title='bbox 741 1523 773 1564; x_wconf 87' lang='lat' dir='ltr'>se</span> <span class='ocrx_word' id='word_1_71' title='bbox 807 1521 906 1584; x_wconf 89' lang='lat' dir='ltr'>remp.</span> <span class='ocrx_word' id='word_1_72' title='bbox 930 1521 1077 1564; x_wconf 83' lang='lat' dir='ltr'>servasse.</span> <span class='ocrx_word' id='word_1_73' title='bbox 1125 1502 1246 1565; x_wconf 79' lang='lat' dir='ltr'>Cranno</span> <span class='ocrx_word' id='word_1_74' title='bbox 1276 1502 1323 1567; x_wconf 93' lang='lat' dir='ltr'>di-</span> 
     </span>
     <span class='ocr_line' id='line_1_11' title="bbox 297 1608 1319 1704; baseline 0.005 -32"><span class='ocrx_word' id='word_1_75' title='bbox 297 1609 450 1697; x_wconf 86' lang='lat' dir='ltr'>gnitatem</span> <span class='ocrx_word' id='word_1_76' title='bbox 473 1611 556 1674; x_wconf 87' lang='lat' dir='ltr'>tueri</span> <span class='ocrx_word' id='word_1_77' title='bbox 573 1611 676 1697; x_wconf 89' lang='lat' dir='ltr'>gratia</span> <span class='ocrx_word' id='word_1_78' title='bbox 694 1608 868 1675; x_wconf 83' lang='lat' dir='ltr'>conabatur</span> <span class='ocrx_word' id='word_1_79' title='bbox 887 1610 906 1674; x_wconf 92' lang='lat' dir='ltr'>i.</span> <span class='ocrx_word' id='word_1_80' title='bbox 920 1633 947 1675; x_wconf 89' lang='lat' dir='ltr'>e.</span> <span class='ocrx_word' id='word_1_81' title='bbox 971 1609 1048 1675; x_wconf 89' lang='lat' dir='ltr'>alios</span> <span class='ocrx_word' id='word_1_82' title='bbox 1066 1609 1275 1694; x_wconf 80' lang='lat' dir='ltr'>defendend03</span> <span class='ocrx_word' id='word_1_83' title='bbox 1292 1613 1319 1704; x_wconf 68' lang='grc'>3)</span> 
     </span>
     <span class='ocr_line' id='line_1_12' title="bbox 295 1719 1319 1811; baseline 0.002 -27"><span class='ocrx_word' id='word_1_84' title='bbox 295 1719 334 1784; x_wconf 91' lang='lat' dir='ltr'>de</span> <span class='ocrx_word' id='word_1_85' title='bbox 364 1743 472 1785; x_wconf 89' lang='lat' dir='ltr'>rernm</span> <span class='ocrx_word' id='word_1_86' title='bbox 508 1730 591 1784; x_wconf 88' lang='lat' dir='ltr'>statu</span> <span class='ocrx_word' id='word_1_87' title='bbox 625 1745 662 1785; x_wconf 85' lang='lat' dir='ltr'>eo</span> <span class='ocrx_word' id='word_1_88' title='bbox 692 1731 832 1807; x_wconf 90' lang='lat' dir='ltr'>tempore</span> <span class='ocrx_word' id='word_1_89' title='bbox 863 1719 1119 1808; x_wconf 81' lang='lat' dir='ltr'>indignabundus</span> <span class='ocrx_word' id='word_1_90' title='bbox 1147 1723 1267 1788; x_wconf 89' lang='lat' dir='ltr'>scribit:</span> <span class='ocrx_word' id='word_1_91' title='bbox 1290 1723 1319 1811; x_wconf 84' lang='lat'>⁴)</span> 
     </span>
     <span class='ocr_line' id='line_1_13' title="bbox 296 1831 1322 1916; baseline 0.001 -19"><span class='ocrx_word' id='word_1_92' title='bbox 296 1833 478 1916; x_wconf 87' lang='lat' dir='ltr'>„exclames</span> <span class='ocrx_word' id='word_1_93' title='bbox 507 1855 633 1896; x_wconf 89' lang='lat' dir='ltr'>necesse</span> <span class='ocrx_word' id='word_1_94' title='bbox 660 1842 706 1896; x_wconf 90' lang='lat' dir='ltr'>est</span> <span class='ocrx_word' id='word_1_95' title='bbox 738 1855 788 1896; x_wconf 87' lang='lat' dir='ltr'>res</span> <span class='ocrx_word' id='word_1_96' title='bbox 816 1834 975 1897; x_wconf 84' lang='lat' dir='ltr'>Romanas</span> <span class='ocrx_word' id='word_1_97' title='bbox 1004 1831 1122 1896; x_wconf 88' lang='lat' dir='ltr'>diutius</span> <span class='ocrx_word' id='word_1_98' title='bbox 1151 1842 1233 1898; x_wconf 88' lang='lat' dir='ltr'>stare</span> <span class='ocrx_word' id='word_1_99' title='bbox 1255 1856 1322 1898; x_wconf 92' lang='lat' dir='ltr'>non</span> 
     </span>
     <span class='ocr_line' id='line_1_14' title="bbox 296 1942 1324 2031; baseline 0.002 -23"><span class='ocrx_word' id='word_1_100' title='bbox 296 1943 433 2030; x_wconf 86' lang='lat' dir='ltr'>„posse”</span> <span class='ocrx_word' id='word_1_101' title='bbox 467 1980 513 2031; x_wconf 63' lang='lat'>7-</span> <span class='ocrx_word' id='word_1_102' title='bbox 547 1942 632 2030; x_wconf 93' lang='lat' dir='ltr'>quod</span> <span class='ocrx_word' id='word_1_103' title='bbox 665 1945 787 2029; x_wconf 87' lang='lat' dir='ltr'>scripsit</span> <span class='ocrx_word' id='word_1_104' title='bbox 821 1967 858 2007; x_wconf 92' lang='lat' dir='ltr'>eo</span> <span class='ocrx_word' id='word_1_105' title='bbox 886 1965 987 2022; x_wconf 86' lang='lat' dir='ltr'>anno,</span> <span class='ocrx_word' id='word_1_106' title='bbox 1019 1966 1083 2029; x_wconf 91' lang='lat' dir='ltr'>quo</span> <span class='ocrx_word' id='word_1_107' title='bbox 1114 1944 1224 2009; x_wconf 88' lang='lat' dir='ltr'>consul</span> <span class='ocrx_word' id='word_1_108' title='bbox 1254 1955 1324 2010; x_wconf 89' lang='lat' dir='ltr'>erat</span> 
     </span>
     <span class='ocr_line' id='line_1_15' title="bbox 295 2053 1322 2142; baseline 0.002 -22"><span class='ocrx_word' id='word_1_109' title='bbox 295 2078 465 2134; x_wconf 68' lang='lat' dir='ltr'>erasinus,</span> <span class='ocrx_word' id='word_1_110' title='bbox 499 2056 554 2142; x_wconf 90' lang='lat' dir='ltr'>qui</span> <span class='ocrx_word' id='word_1_111' title='bbox 583 2078 711 2120; x_wconf 80' lang='lat' dir='ltr'>ronnnn</span> <span class='ocrx_word' id='word_1_112' title='bbox 742 2054 961 2142; x_wconf 83' lang='lat' dir='ltr'>largitionibus</span> <span class='ocrx_word' id='word_1_113' title='bbox 988 2053 1188 2119; x_wconf 86' lang='lat' dir='ltr'>consulatum</span> <span class='ocrx_word' id='word_1_114' title='bbox 1210 2066 1322 2122; x_wconf 88' lang='lat' dir='ltr'>nactus</span> 
     </span>
     <span class='ocr_line' id='line_1_16' title="bbox 295 2165 1322 2253; baseline 0.002 -21"><span class='ocrx_word' id='word_1_115' title='bbox 295 2178 373 2234; x_wconf 88' lang='lat' dir='ltr'>orat.</span> <span class='ocrx_word' id='word_1_116' title='bbox 420 2171 488 2233; x_wconf 87' lang='lat' dir='ltr'>Hoc</span> <span class='ocrx_word' id='word_1_117' title='bbox 518 2190 602 2231; x_wconf 92' lang='lat' dir='ltr'>anno</span> <span class='ocrx_word' id='word_1_118' title='bbox 624 2190 743 2232; x_wconf 76' lang='lat' dir='ltr'>cassan</span> <span class='ocrx_word' id='word_1_119' title='bbox 767 2190 806 2231; x_wconf 83' lang='lat' dir='ltr'>ex</span> <span class='ocrx_word' id='word_1_120' title='bbox 829 2167 976 2253; x_wconf 84' lang='lat' dir='ltr'>Hispania</span> <span class='ocrx_word' id='word_1_121' title='bbox 999 2165 1156 2232; x_wconf 78' lang='lat' dir='ltr'>Ulteriora</span> <span class='ocrx_word' id='word_1_122' title='bbox 1178 2180 1322 2234; x_wconf 82' lang='lat' dir='ltr'>reverta·</span> 
     </span>
     <span class='ocr_line' id='line_1_17' title="bbox 293 2277 1318 2367; baseline 0.001 -24"><span class='ocrx_word' id='word_1_123' title='bbox 293 2278 389 2343; x_wconf 89' lang='lat' dir='ltr'>batur</span> <span class='ocrx_word' id='word_1_124' title='bbox 417 2287 603 2365; x_wconf 85' lang='lat' dir='ltr'>propraetor</span> <span class='ocrx_word' id='word_1_125' title='bbox 629 2302 693 2343; x_wconf 90' lang='lat' dir='ltr'>non</span> <span class='ocrx_word' id='word_1_126' title='bbox 724 2277 893 2364; x_wconf 87' lang='lat' dir='ltr'>proconsul</span> <span class='ocrx_word' id='word_1_127' title='bbox 921 2288 958 2342; x_wconf 90' lang='lat' dir='ltr'>ut</span> <span class='ocrx_word' id='word_1_128' title='bbox 990 2277 1096 2342; x_wconf 86' lang='lat' dir='ltr'>scribit</span> <span class='ocrx_word' id='word_1_129' title='bbox 1130 2301 1260 2344; x_wconf 75' lang='lat' dir='ltr'>sisenna</span> <span class='ocrx_word' id='word_1_130' title='bbox 1291 2281 1318 2367; x_wconf 72' lang='grc'>5)</span> 
     </span>
     <span class='ocr_line' id='line_1_18' title="bbox 295 2389 1320 2477; baseline 0.003 -22"><span class='ocrx_word' id='word_1_131' title='bbox 295 2390 384 2477; x_wconf 90' lang='lat' dir='ltr'>(nam</span> <span class='ocrx_word' id='word_1_132' title='bbox 414 2389 495 2455; x_wconf 93' lang='lat' dir='ltr'>duae</span> <span class='ocrx_word' id='word_1_133' title='bbox 525 2391 690 2476; x_wconf 83' lang='lat' dir='ltr'>Hispaniae</span> <span class='ocrx_word' id='word_1_134' title='bbox 717 2400 808 2454; x_wconf 87' lang='lat' dir='ltr'>erant</span> <span class='ocrx_word' id='word_1_135' title='bbox 826 2390 1004 2475; x_wconf 89' lang='lat' dir='ltr'>provinciae</span> <span class='ocrx_word' id='word_1_136' title='bbox 1024 2390 1210 2477; x_wconf 83' lang='lat' dir='ltr'>praetoriae)</span> <span class='ocrx_word' id='word_1_137' title='bbox 1237 2390 1320 2458; x_wconf 87' lang='lat' dir='ltr'>edic·</span> 
     </span>
     <span class='ocr_line' id='line_1_19' title="bbox 293 2499 1316 2587; baseline 0.004 -23"><span class='ocrx_word' id='word_1_138' title='bbox 293 2501 332 2565; x_wconf 91' lang='lat' dir='ltr'>tis</span> <span class='ocrx_word' id='word_1_139' title='bbox 362 2501 425 2565; x_wconf 90' lang='lat' dir='ltr'>iam</span> <span class='ocrx_word' id='word_1_140' title='bbox 457 2502 588 2565; x_wconf 89' lang='lat' dir='ltr'>comitiis</span> <span class='ocrx_word' id='word_1_141' title='bbox 620 2500 647 2587; x_wconf 71' lang='grc'>6)</span> <span class='ocrx_word' id='word_1_142' title='bbox 680 2499 877 2586; x_wconf 91' lang='lat' dir='ltr'>triumphum</span> <span class='ocrx_word' id='word_1_143' title='bbox 907 2510 1015 2585; x_wconf 80' lang='lat' dir='ltr'>petens</span> <span class='ocrx_word' id='word_1_144' title='bbox 1046 2512 1077 2566; x_wconf 90' lang='lat' dir='ltr'>et</span> <span class='ocrx_word' id='word_1_145' title='bbox 1103 2502 1316 2582; x_wconf 83' lang='lat' dir='ltr'>consulatum3</span> 
     </span>
     <span class='ocr_line' id='line_1_20' title="bbox 293 2610 1317 2697; baseline 0.003 -21"><span class='ocrx_word' id='word_1_146' title='bbox 293 2610 347 2676; x_wconf 89' lang='lat' dir='ltr'>sed</span> <span class='ocrx_word' id='word_1_147' title='bbox 371 2621 498 2677; x_wconf 89' lang='lat' dir='ltr'>coaetus</span> <span class='ocrx_word' id='word_1_148' title='bbox 521 2622 566 2676; x_wconf 88' lang='lat' dir='ltr'>est</span> <span class='ocrx_word' id='word_1_149' title='bbox 589 2610 804 2697; x_wconf 86' lang='lat' dir='ltr'>triumphum,</span> <span class='ocrx_word' id='word_1_150' title='bbox 829 2635 868 2676; x_wconf 90' lang='lat' dir='ltr'>ne</span> <span class='ocrx_word' id='word_1_151' title='bbox 892 2612 1057 2677; x_wconf 90' lang='lat' dir='ltr'>consulatu</span> <span class='ocrx_word' id='word_1_152' title='bbox 1080 2612 1317 2692; x_wconf 81' lang='lat' dir='ltr'>excluderetur,</span> 
     </span>
     <span class='ocr_line' id='line_1_21' title="bbox 293 2722 1318 2809; baseline 0.003 -21"><span class='ocrx_word' id='word_1_153' title='bbox 293 2722 459 2791; x_wconf 88' lang='lat' dir='ltr'>dimittere.</span> <span class='ocrx_word' id='word_1_154' title='bbox 517 2724 581 2789; x_wconf 87' lang='lat' dir='ltr'>Cur</span> <span class='ocrx_word' id='word_1_155' title='bbox 610 2733 716 2788; x_wconf 90' lang='lat' dir='ltr'>tamen</span> <span class='ocrx_word' id='word_1_156' title='bbox 746 2723 914 2809; x_wconf 88' lang='lat' dir='ltr'>populares</span> <span class='ocrx_word' id='word_1_157' title='bbox 936 2734 1120 2809; x_wconf 89' lang='lat' dir='ltr'>potestatem</span> <span class='ocrx_word' id='word_1_158' title='bbox 1142 2735 1262 2790; x_wconf 86' lang='lat' dir='ltr'>tantam</span> <span class='ocrx_word' id='word_1_159' title='bbox 1285 2727 1318 2791; x_wconf 92' lang='lat' dir='ltr'>in</span> 
     </span>
     <span class='ocr_line' id='line_1_22' title="bbox 292 2835 1317 2929; baseline 0.004 -30"><span class='ocrx_word' id='word_1_160' title='bbox 292 2837 371 2922; x_wconf 85' lang='lat' dir='ltr'>Rep.</span> <span class='ocrx_word' id='word_1_161' title='bbox 396 2836 478 2900; x_wconf 88' lang='lat' dir='ltr'>nacti</span> <span class='ocrx_word' id='word_1_162' title='bbox 501 2837 563 2900; x_wconf 90' lang='lat' dir='ltr'>sint</span> <span class='ocrx_word' id='word_1_163' title='bbox 581 2860 645 2901; x_wconf 92' lang='lat' dir='ltr'>non</span> <span class='ocrx_word' id='word_1_164' title='bbox 665 2846 765 2922; x_wconf 90' lang='lat' dir='ltr'>potest</span> <span class='ocrx_word' id='word_1_165' title='bbox 783 2836 974 2929; x_wconf 84' lang='lat' dir='ltr'>luculentius</span> <span class='ocrx_word' id='word_1_166' title='bbox 993 2835 1201 2902; x_wconf 89' lang='lat' dir='ltr'>demonstrari</span> <span class='ocrx_word' id='word_1_167' title='bbox 1221 2861 1317 2925; x_wconf 90' lang='lat' dir='ltr'>quam</span> 
     </span>
     <span class='ocr_line' id='line_1_23' title="bbox 294 2947 1318 3037; baseline 0.004 -27"><span class='ocrx_word' id='word_1_168' title='bbox 294 2967 457 3014; x_wconf 76' lang='lat' dir='ltr'>nicanorus</span> <span class='ocrx_word' id='word_1_169' title='bbox 487 2948 603 3014; x_wconf 79' lang='lat' dir='ltr'>verbis:</span> <span class='ocrx_word' id='word_1_170' title='bbox 629 2947 656 3037; x_wconf 78' lang='grc'>7)</span> <span class='ocrx_word' id='word_1_171' title='bbox 683 2971 794 3029; x_wconf 83' lang='lat' dir='ltr'>„nunc</span> <span class='ocrx_word' id='word_1_172' title='bbox 816 2970 893 3013; x_wconf 87' lang='lat' dir='ltr'>vero</span> <span class='ocrx_word' id='word_1_173' title='bbox 914 2985 958 2997; x_wconf 87' lang='lat'>—</span> <span class='ocrx_word' id='word_1_174' title='bbox 982 2970 1081 3034; x_wconf 90' lang='lat' dir='ltr'>quum</span> <span class='ocrx_word' id='word_1_175' title='bbox 1105 2951 1204 3015; x_wconf 86' lang='lat' dir='ltr'>nostri</span> <span class='ocrx_word' id='word_1_176' title='bbox 1226 2951 1318 3037; x_wconf 88' lang='lat' dir='ltr'>prin-</span> 
     </span>
     <span class='ocr_line' id='line_1_24' title="bbox 294 3057 1317 3156; baseline 0.002 -33"><span class='ocrx_word' id='word_1_177' title='bbox 294 3109 313 3140; x_wconf 88' lang='lat'>„</span> <span class='ocrx_word' id='word_1_178' title='bbox 323 3059 405 3156; x_wconf 75' lang='lat' dir='ltr'>cipes</span> <span class='ocrx_word' id='word_1_179' title='bbox 445 3058 543 3145; x_wconf 86' lang='lat' dir='ltr'>digito</span> <span class='ocrx_word' id='word_1_180' title='bbox 585 3081 616 3122; x_wconf 87' lang='lat' dir='ltr'>se</span> <span class='ocrx_word' id='word_1_181' title='bbox 652 3057 776 3122; x_wconf 91' lang='lat' dir='ltr'>coelum</span> <span class='ocrx_word' id='word_1_182' title='bbox 810 3067 922 3143; x_wconf 89' lang='lat' dir='ltr'>putent</span> <span class='ocrx_word' id='word_1_183' title='bbox 955 3060 1126 3147; x_wconf 89' lang='lat' dir='ltr'>attingere,</span> <span class='ocrx_word' id='word_1_184' title='bbox 1163 3061 1188 3125; x_wconf 90' lang='lat' dir='ltr'>si</span> <span class='ocrx_word' id='word_1_185' title='bbox 1223 3060 1317 3126; x_wconf 92' lang='lat' dir='ltr'>mulli</span> 
     </span>
     <span class='ocr_line' id='line_1_25' title="bbox 294 3166 1318 3256; baseline 0.001 -21"><span class='ocrx_word' id='word_1_186' title='bbox 294 3170 445 3254; x_wconf 87' lang='lat' dir='ltr'>„barbati</span> <span class='ocrx_word' id='word_1_187' title='bbox 467 3172 499 3235; x_wconf 91' lang='lat' dir='ltr'>in</span> <span class='ocrx_word' id='word_1_188' title='bbox 522 3169 646 3256; x_wconf 86' lang='lat' dir='ltr'>piscinis</span> <span class='ocrx_word' id='word_1_189' title='bbox 667 3170 743 3248; x_wconf 86' lang='lat' dir='ltr'>sint,</span> <span class='ocrx_word' id='word_1_190' title='bbox 768 3170 823 3255; x_wconf 91' lang='lat' dir='ltr'>qui</span> <span class='ocrx_word' id='word_1_191' title='bbox 845 3169 884 3234; x_wconf 93' lang='lat' dir='ltr'>ad</span> <span class='ocrx_word' id='word_1_192' title='bbox 908 3192 1039 3235; x_wconf 91' lang='lat' dir='ltr'>manum</span> <span class='ocrx_word' id='word_1_193' title='bbox 1063 3166 1229 3250; x_wconf 78' lang='lat' dir='ltr'>accedant,</span> <span class='ocrx_word' id='word_1_194' title='bbox 1255 3171 1318 3236; x_wconf 91' lang='lat' dir='ltr'>alia</span> 
     </span>
     <span class='ocr_line' id='line_1_26' title="bbox 294 3281 1316 3369; baseline -0.001 -21"><span class='ocrx_word' id='word_1_195' title='bbox 294 3294 426 3364; x_wconf 85' lang='lat' dir='ltr'>„autem</span> <span class='ocrx_word' id='word_1_196' title='bbox 456 3281 621 3369; x_wconf 87' lang='lat' dir='ltr'>negligant</span> <span class='ocrx_word' id='word_1_197' title='bbox 651 3281 670 3346; x_wconf 89' lang='lat' dir='ltr'>i.</span> <span class='ocrx_word' id='word_1_198' title='bbox 687 3304 715 3347; x_wconf 90' lang='lat' dir='ltr'>e.</span> <span class='ocrx_word' id='word_1_199' title='bbox 745 3281 901 3369; x_wconf 88' lang='lat' dir='ltr'>principes</span> <span class='ocrx_word' id='word_1_200' title='bbox 931 3305 1031 3368; x_wconf 88' lang='lat' dir='ltr'>remp.</span> <span class='ocrx_word' id='word_1_201' title='bbox 1055 3306 1120 3348; x_wconf 91' lang='lat' dir='ltr'>non</span> <span class='ocrx_word' id='word_1_202' title='bbox 1143 3282 1316 3361; x_wconf 85' lang='lat' dir='ltr'>curabant,</span> 
     </span>
    </p>
   </div>
   <div class='ocr_carea' id='block_1_3' title="bbox 297 3475 512 3487">
    <p class='ocr_par' dir='ltr' id='par_1_3' title="bbox 297 3475 512 3487">
     <span class='ocr_line' id='line_1_27' title="bbox 297 3475 512 3487; baseline -0.019 0"><span class='ocrx_word' id='word_1_203' title='bbox 297 3475 512 3487; x_wconf 81' lang='lat'>..—-----—·</span> 
     </span>
    </p>
   </div>
   <div class='ocr_carea' id='block_1_4' title="bbox 328 3587 1015 3990">
    <p class='ocr_par' dir='ltr' id='par_1_4' title="bbox 329 3587 645 3655">
     <span class='ocr_line' id='line_1_28' title="bbox 329 3587 645 3655; baseline -0.016 -15"><span class='ocrx_word' id='word_1_204' title='bbox 329 3587 645 3655; x_wconf 56' lang='lat' dir='ltr'>QQmMLst</span> 
     </span>
    </p>

    <p class='ocr_par' dir='ltr' id='par_1_5' title="bbox 328 3672 711 3736">
     <span class='ocr_line' id='line_1_29' title="bbox 328 3672 711 3736; baseline -0.013 -11"><span class='ocrx_word' id='word_1_205' title='bbox 328 3673 349 3736; x_wconf 83' lang='lat'>²)</span> <span class='ocrx_word' id='word_1_206' title='bbox 367 3674 422 3725; x_wconf 82' lang='lat' dir='ltr'>Cic.</span> <span class='ocrx_word' id='word_1_207' title='bbox 440 3674 472 3722; x_wconf 85' lang='lat' dir='ltr'>ad</span> <span class='ocrx_word' id='word_1_208' title='bbox 490 3673 545 3722; x_wconf 83' lang='lat' dir='ltr'>Att.</span> <span class='ocrx_word' id='word_1_209' title='bbox 563 3672 585 3720; x_wconf 91' lang='grc' dir='ltr'>Ι.</span> <span class='ocrx_word' id='word_1_210' title='bbox 608 3677 637 3720; x_wconf 84' lang='grc'>18</span> <span class='ocrx_word' id='word_1_211' title='bbox 656 3672 669 3735; x_wconf 67' lang='lat' dir='ltr'>t</span> <span class='ocrx_word' id='word_1_212' title='bbox 687 3677 711 3721; x_wconf 85' lang='grc'>3,</span> 
     </span>
    </p>

    <p class='ocr_par' dir='ltr' id='par_1_6' title="bbox 329 3757 785 3824">
     <span class='ocr_line' id='line_1_30' title="bbox 329 3757 785 3824; baseline -0.018 -14"><span class='ocrx_word' id='word_1_213' title='bbox 329 3757 349 3824; x_wconf 71' lang='grc'>5)</span> <span class='ocrx_word' id='word_1_214' title='bbox 367 3759 422 3810; x_wconf 86' lang='lat' dir='ltr'>Cre.</span> <span class='ocrx_word' id='word_1_215' title='bbox 443 3759 490 3821; x_wconf 84' lang='lat' dir='ltr'>Ep.</span> <span class='ocrx_word' id='word_1_216' title='bbox 508 3757 541 3805; x_wconf 83' lang='lat' dir='ltr'>ad</span> <span class='ocrx_word' id='word_1_217' title='bbox 558 3757 613 3806; x_wconf 81' lang='lat' dir='ltr'>Art.</span> <span class='ocrx_word' id='word_1_218' title='bbox 631 3757 653 3805; x_wconf 94' lang='lat' dir='ltr'>I.</span> <span class='ocrx_word' id='word_1_219' title='bbox 678 3759 707 3804; x_wconf 79' lang='lat'>17</span> <span class='ocrx_word' id='word_1_220' title='bbox 728 3757 743 3816; x_wconf 70' lang='grc' dir='ltr'><strong>ς</strong></span> <span class='ocrx_word' id='word_1_221' title='bbox 761 3759 785 3802; x_wconf 83' lang='grc'>6.</span> 
     </span>
    </p>

    <p class='ocr_par' dir='ltr' id='par_1_7' title="bbox 328 3839 777 3906">
     <span class='ocr_line' id='line_1_31' title="bbox 328 3839 777 3906; baseline -0.018 -12"><span class='ocrx_word' id='word_1_222' title='bbox 328 3842 350 3901; x_wconf 71' lang='lat'>⁴)</span> <span class='ocrx_word' id='word_1_223' title='bbox 368 3843 422 3894; x_wconf 86' lang='lat' dir='ltr'>c1c.</span> <span class='ocrx_word' id='word_1_224' title='bbox 440 3845 488 3906; x_wconf 84' lang='lat' dir='ltr'>Ep.</span> <span class='ocrx_word' id='word_1_225' title='bbox 506 3843 539 3890; x_wconf 78' lang='lat' dir='ltr'>ad</span> <span class='ocrx_word' id='word_1_226' title='bbox 556 3841 613 3890; x_wconf 77' lang='lat' dir='ltr'>Ate.</span> <span class='ocrx_word' id='word_1_227' title='bbox 630 3841 653 3889; x_wconf 88' lang='grc' dir='ltr'>Ι.</span> <span class='ocrx_word' id='word_1_228' title='bbox 675 3844 704 3888; x_wconf 79' lang='lat'>18</span> <span class='ocrx_word' id='word_1_229' title='bbox 722 3839 736 3902; x_wconf 78' lang='grc' dir='ltr'>ςι</span> <span class='ocrx_word' id='word_1_230' title='bbox 754 3843 777 3887; x_wconf 80' lang='lat' dir='ltr'>a.</span> 
     </span>
    </p>

    <p class='ocr_par' dir='ltr' id='par_1_8' title="bbox 330 3921 1015 3990">
     <span class='ocr_line' id='line_1_32' title="bbox 330 3921 1015 3990; baseline -0.012 -12"><span class='ocrx_word' id='word_1_231' title='bbox 330 3926 349 3987; x_wconf 70' lang='lat'>⁵)</span> <span class='ocrx_word' id='word_1_232' title='bbox 367 3929 492 3977; x_wconf 81' lang='lat' dir='ltr'>F1sennn.</span> <span class='ocrx_word' id='word_1_233' title='bbox 511 3943 550 3990; x_wconf 86' lang='lat' dir='ltr'>op.</span> <span class='ocrx_word' id='word_1_234' title='bbox 569 3926 585 3975; x_wconf 90' lang='lat' dir='ltr'>l.</span> <span class='ocrx_word' id='word_1_235' title='bbox 605 3925 636 3973; x_wconf 88' lang='lat' dir='ltr'>ad</span> <span class='ocrx_word' id='word_1_236' title='bbox 654 3940 713 3972; x_wconf 90' lang='lat' dir='ltr'>ann.</span> <span class='ocrx_word' id='word_1_237' title='bbox 732 3939 757 3972; x_wconf 89' lang='lat' dir='ltr'>u.</span> <span class='ocrx_word' id='word_1_238' title='bbox 776 3938 796 3972; x_wconf 93' lang='lat' dir='ltr'>c.</span> <span class='ocrx_word' id='word_1_239' title='bbox 816 3926 874 3971; x_wconf 72' lang='grc'>694,</span> <span class='ocrx_word' id='word_1_240' title='bbox 893 3938 908 3970; x_wconf 91' lang='lat' dir='ltr'>a</span> <span class='ocrx_word' id='word_1_241' title='bbox 926 3921 954 3972; x_wconf 80' lang='lat' dir='ltr'>C.</span> <span class='ocrx_word' id='word_1_242' title='bbox 974 3926 1015 3971; x_wconf 74' lang='lat'>60.</span> 
     </span>
    </p>
   </div>
   <div class='ocr_carea' id='block_1_5' title="bbox 329 4008 717 4162">
    <p class='ocr_par' dir='ltr' id='par_1_9' title="bbox 329 4008 717 4162">
     <span class='ocr_line' id='line_1_33' title="bbox 329 4008 662 4078; baseline -0.024 -15"><span class='ocrx_word' id='word_1_243' title='bbox 329 4010 349 4078; x_wconf 75' lang='grc'>6)</span> <span class='ocrx_word' id='word_1_244' title='bbox 367 4012 445 4062; x_wconf 84' lang='lat' dir='ltr'>Scnr.</span> <span class='ocrx_word' id='word_1_245' title='bbox 463 4011 513 4059; x_wconf 86' lang='lat' dir='ltr'>lul.</span> <span class='ocrx_word' id='word_1_246' title='bbox 530 4008 601 4059; x_wconf 82' lang='lat' dir='ltr'>Caes.</span> <span class='ocrx_word' id='word_1_247' title='bbox 624 4011 662 4056; x_wconf 76' lang='lat'>18.</span> 
     </span>
     <span class='ocr_line' id='line_1_34' title="bbox 330 4095 717 4162; baseline -0.026 -12"><span class='ocrx_word' id='word_1_248' title='bbox 330 4096 351 4162; x_wconf 82' lang='grc'>7)</span> <span class='ocrx_word' id='word_1_249' title='bbox 368 4097 423 4149; x_wconf 83' lang='lat' dir='ltr'>Crc.</span> <span class='ocrx_word' id='word_1_250' title='bbox 440 4097 473 4146; x_wconf 86' lang='lat' dir='ltr'>ad</span> <span class='ocrx_word' id='word_1_251' title='bbox 491 4095 546 4144; x_wconf 80' lang='lat' dir='ltr'>Aa.</span> <span class='ocrx_word' id='word_1_252' title='bbox 562 4095 598 4143; x_wconf 84' lang='lat'>11.</span> <span class='ocrx_word' id='word_1_253' title='bbox 620 4097 641 4140; x_wconf 86' lang='lat' dir='ltr'>l.</span> <span class='ocrx_word' id='word_1_254' title='bbox 660 4095 675 4154; x_wconf 73' lang='grc'><strong>5</strong></span> <span class='ocrx_word' id='word_1_255' title='bbox 695 4096 717 4141; x_wconf 75' lang='grc' dir='ltr'>ἵ.</span> 
     </span>
    </p>
   </div>
   <div class='ocr_carea' id='block_1_6' title="bbox 0 0 1460 4950">
    <p class='ocr_par' dir='ltr' id='par_1_10' title="bbox 0 0 1460 4950">
     <span class='ocr_line' id='line_1_35' title="bbox 0 0 1460 4950; baseline 0 1"><span class='ocrx_word' id='word_1_256' title='bbox 0 0 1460 4950; x_wconf 95' lang='lat' dir='ltr'> </span> 
     </span>
    </p>
   </div>
  </div>
 </body>
</html>
