2910 4950
616 387 678 450 169

134 597 185 674 iis,
218 597 273 681 qui
303 594 413 660 dicunt
436 614 596 659 russeum
623 616 689 658 esso
712 604 893 659 accusatum
918 617 946 661 a.
971 618 1003 663 u.
1028 619 1055 662 c.
1083 601 1157 666 701.

132 731 163 776 a.
189 710 221 775 C.
247 709 304 788 53,
329 709 447 794 quique
469 706 588 794 legitur
610 707 642 770 in
666 717 744 771 orat.
768 728 828 792 pro
850 730 1002 786 nurnero,
1026 709 1051 797 ¹)
1074 722 1160 776 recte

134 832 181 886 est
208 820 381 907 explicatus
408 842 428 884 u
456 841 619 885 wuuomo
649 818 677 906 2)
711 830 742 883 et
770 841 972 885 cunerono:
1000 820 1026 908 3)
1054 843 1160 906 „quae

132 933 287 1015 „comitia
313 933 452 1018 primum
480 931 596 995 habere
622 932 723 1017 coepit
746 932 872 1010 consul,
894 972 939 982 -
958 944 1024 998 tum
1046 934 1161 999 horum

134 1046 300 1130 „ipsarum
326 1044 434 1131 legum
458 1042 591 1108 auctor’'
614 1081 659 1092 —
681 1042 798 1108 indicat
820 1044 892 1109 luce
923 1046 1038 1111 clarius
1068 1069 1160 1111 cuss-

133 1178 194 1222 suu
222 1157 243 1221 i.
260 1180 287 1222 e.
312 1156 474 1222 consulem
497 1177 526 1220 a.
552 1177 584 1220 u.
609 1179 636 1221 c.
663 1156 737 1220 699.
759 1178 787 1220 a.
811 1157 844 1220 C.
870 1157 924 1221 55.
971 1160 1001 1221 ls
1023 1159 1162 1243 primum

134 1269 263 1333 comitia
279 1267 395 1333 habere
414 1271 532 1353 coepit,
557 1266 612 1332 sod
630 1290 730 1353 quum
750 1289 817 1330 rem
838 1279 948 1331 contra
967 1268 1162 1334 voluntatem

133 1403 224 1446 suum
258 1391 443 1445 eventuram
478 1379 619 1454 videbat,
644 1379 774 1444 fortusse
804 1380 931 1443 comitia
962 1379 1102 1459 diremit,
1126 1392 1164 1446 ut

135 1492 271 1556 vidimus
297 1492 416 1557 fuctum
447 1514 512 1555 esse
534 1489 644 1554 eodem
669 1512 753 1554 anno
776 1513 795 1555 a
818 1513 953 1556 roureio
976 1492 1007 1556 in
1032 1494 1164 1558 comitiis

135 1604 308 1689 praetoriis.
333 1603 360 1690 Α)
410 1603 572 1667 Petierunt
606 1624 670 1666 unu
705 1624 779 1666 cum
803 1625 937 1668 munero
959 1627 991 1670 n.
1017 1628 1162 1688 onorius,

135 1738 166 1792 o.
198 1738 319 1793 neurus,
351 1726 383 1780 et
414 1738 446 1780 n.
481 1735 647 1780 rovrurrus
670 1737 863 1780 mrrurusrs.
891 1715 918 1804 θ)
966 1718 1068 1781 Creati
1091 1728 1165 1782 sunt

135 1851 186 1894 cr.
217 1852 383 1906 eruuntur,
416 1838 447 1892 et
476 1851 507 1895 s.
538 1851 682 1904 storius,
712 1828 766 1910 qui
789 1828 954 1892 coitionem
978 1828 1164 1894 dicebantur

135 1939 248 2004 iniisse.
283 1938 311 2027 θ)
372 1939 502 2026 Legitur
532 1940 563 2002 in
595 1938 665 2003 loco
696 1935 718 2003 l.
751 1960 914 2003 crcmonrs
947 1961 1045 2026 grave
1075 1940 1164 2004 testi-

136 2048 279 2113 monium
315 2070 373 2132 pro
416 2048 466 2124 iis,
506 2069 587 2131 quae
629 2046 693 2111 disi
728 2045 767 2111 de
803 2048 935 2112 comitiis
971 2049 1112 2115 diremtio
1145 2071 1164 2114 a

136 2181 263 2225 cnnsso.
309 2138 389 2222 Num
421 2181 570 2224 euinctus
601 2169 632 2222 et
654 2180 783 2223 mortus
806 2159 923 2223 tribum
947 2173 1165 2227 concesserunt

136 2295 245 2352 run103
293 2269 437 2334 veniebat
488 2271 701 2356 superioribus
747 2272 879 2336 comitiis
923 2283 1057 2359 uterque
1101 2277 1164 2341 ium

139 2407 237 2470 prope
260 2383 361 2448 factus
384 2394 415 2448 et
438 2381 615 2449 declaratus
638 2383 755 2450 aedilis.
791 2385 922 2450 Cnnssus
942 2396 1047 2451 tamen
1067 2389 1165 2451 comi·

138 2496 189 2562 tiis
234 2496 374 2561 direnrtis
415 2495 549 2562 illorum
593 2497 849 2582 competitoribus
889 2498 1000 2564 fovisse
1040 2498 1166 2565 videtur

136 2623 230 2694 atque
264 2608 346 2673 hano
377 2608 417 2674 ob
448 2632 576 2675 causum
604 2610 827 2695 posterioribus
849 2612 995 2689 comitiis,
1032 2624 1166 2698 uterque

135 2742 206 2783 eam
240 2718 358 2782 tribum
393 2741 571 2784 concessam
606 2743 697 2786 numo
727 2719 842 2786 avulsit
870 2745 910 2786 ne
940 2723 998 2807 ipsi
1026 2723 1166 2788 redirent

135 2832 168 2897 iu
191 2841 372 2918 angustum.
399 2829 426 2916 7)

184 2943 310 3006 Tribuni
333 2942 494 3005 concedere
517 2940 542 3004 is
565 2939 697 3018 dicitur,
722 2940 776 3026 qui
800 2963 899 3026 quum
921 2940 1041 3019 rideat,
1066 2946 1164 3010 maio·

137 3076 204 3118 rem
235 3065 357 3138 partem
390 3051 530 3117 tribuum
561 3051 619 3117 sibi
648 3075 714 3117 esse
744 3051 938 3130 delaturam,
970 3075 1065 3138 quem
1088 3058 1166 3142 petit

172 3244 191 3308 ¹)
209 3242 264 3294 Crc.
283 3260 307 3307 p.
326 3243 413 3292 Plano.
435 3246 467 3291 20
485 3241 497 3306 d
516 3246 557 3290 49.

172 3325 192 3391 ²)
210 3330 367 3379 Wurnrurs
389 3326 456 3374 Prol.
475 3324 575 3375 LXIX.

174 3408 194 3478 ⁵)
211 3411 383 3461 Gnnnromrs
402 3412 440 3460 od.
460 3416 501 3459 2³0
519 3411 592 3459 huius
611 3417 672 3466 orsu.
692 3426 716 3475 p.
739 3414 795 3461 127.
818 3413 874 3461 131.
893 3413 932 3461 ud.
950 3429 971 3463 o.
994 3418 1033 3462 lo.

172 3496 193 3559 6)
211 3497 269 3558 Quo
284 3498 377 3547 suctum
391 3505 418 3546 ut
433 3497 503 3546 initio
518 3514 540 3546 n.
556 3513 581 3546 u.
596 3513 617 3546 u
635 3500 683 3546 700
698 3498 784 3548 habita
799 3513 852 3549 esso
867 3499 983 3549 ridentur
999 3500 1042 3549 illu
1056 3500 1163 3550 comitia.

173 3578 193 3649 ⁵)
211 3582 265 3632 Crc.
283 3599 307 3646 p.
326 3583 413 3632 Plane.
434 3588 465 3631 22
484 3583 496 3647 ᾗ
516 3587 556 3631 ot.
592 3583 748 3632 Wruururs
766 3584 834 3633 Prol.
853 3599 878 3647 p.
895 3584 1051 3634 Lxxxm.
1071 3601 1123 3649 sqq.

172 3664 192 3728 δ’)
210 3667 265 3718 Cic.
285 3683 308 3730 p.
327 3668 414 3717 Pleno
435 3673 467 3716 22
486 3668 499 3733 d
518 3673 559 3718 5³.
595 3669 745 3718 Bnticunru
762 3684 802 3732 op.
821 3669 838 3717 1.
857 3684 881 3732 p.
901 3673 959 3716 481.

127 3743 136 3750 ’
171 3751 193 3818 7)
211 3752 346 3803 Gurcmrs
365 3755 396 3802 do
419 3754 510 3803 Comit.
530 3755 555 3803 in
573 3767 671 3803 onum.
691 3754 768 3803 Thes.
787 3754 808 3802 Ι.
827 3768 851 3817 p.
872 3756 936 3811 6223
954 3752 1022 3816 quod
1039 3754 1163 3803 temonis

138 3837 197 3887 dicit
219 3838 267 3886 litt.
291 3838 324 3887 D.
351 3839 484 3900 urogando
508 3840 656 3888 conciliabit
680 3853 737 3887 suns
760 3839 883 3887 centurius
904 3852 969 3887 unus
986 3837 1059 3886 ultori
1076 3846 1104 3886 ut
1121 3838 1166 3887 illo

140 3924 267 3973 evicit-sim
294 3938 350 3973 suus
376 3924 400 3973 oi
417 3923 579 3973 conciliator·
597 3926 629 3973 do
647 3925 755 3974 coitione
772 3924 853 3984 valet,
878 3938 931 3972 nou
949 3922 980 3973 de
997 3923 1164 3973 concessione.

138 4008 234 4058 Eodem
262 4010 337 4058 modo
361 4008 450 4057 dicitur
475 4009 541 4071 opud
564 4022 613 4059 cre.
638 4011 784 4074 petitionem
807 4010 942 4060 concedere
964 4010 980 4059 i.
1000 4025 1022 4060 e.
1040 4011 1165 4061 abstinere

138 4110 153 4144 u
170 4094 304 4159 petitione,
321 4095 404 4145 locum
421 4093 509 4145 rodere
526 4095 688 4159 competitori.
725 4094 780 4148 Crc.
799 4095 866 4146 Phil.
882 4096 918 4147 11.
937 4100 952 4146 2
970 4096 984 4160 d
1001 4101 1025 4146 4.
