2910 4950
221 598 275 661 Et:
1042 661 1045 666 .

311 707 394 789 „llic
416 707 472 773 tibi
495 716 667 794 quaeratur
687 709 762 775 socii
783 709 937 775 sermonis
959 709 1050 797 origo

354 829 412 901 „et
430 832 578 886 moveant
594 821 713 908 primos
730 820 857 908 publica
876 820 973 887 rerba
992 818 1106 886 sonoe”
1127 819 1167 908 ¹).

143 921 148 930 ’
220 931 305 996 liaeo
323 931 432 996 omnia
449 931 621 1020 trahuntur
639 933 726 999 omni
746 943 853 999 tamen
867 933 983 999 iniuria
1002 955 1021 998 a
1040 953 1183 998 sarrano
1196 931 1242 1018 ²),

220 1065 260 1109 ex
278 1065 314 1108 re
337 1044 489 1110 amatoria
511 1043 551 1110 ad
575 1047 756 1132 petitionem
779 1044 947 1112 honorum.

266 1157 351 1223 Vera
378 1178 444 1221 ease
472 1179 554 1243 quae
577 1156 657 1235 dixi,
686 1157 902 1223 demonstrant
924 1157 1060 1223 aliorum
1084 1156 1162 1234 loci,
1180 1179 1242 1241 pa-

191 1272 194 1277 '
219 1266 297 1332 blica
318 1266 416 1333 verba
437 1290 475 1333 ea
498 1291 577 1347 esse,
601 1267 714 1355 quibus
736 1267 871 1334 salutem
893 1268 951 1334 sibi
973 1268 1108 1333 invicem
1127 1265 1244 1332 dabant

219 1379 356 1443 Romani
377 1378 410 1444 in
433 1380 498 1459 via3
523 1402 554 1447 v.
576 1402 603 1447 c.
628 1401 817 1445 uanrnnrs:

263 1490 364 1571 „Cum
380 1501 412 1556 te
426 1513 490 1556 non
508 1513 630 1557 nossem
647 1490 810 1559 dominum
834 1513 1007 1580 regemque
1023 1489 1197 1556 vocabam’'
1213 1489 1240 1577 ⁸)

219 1597 270 1663 eui
293 1600 423 1664 omnino
442 1599 577 1666 addatur
593 1600 682 1667 locus
700 1623 835 1667 sumens
855 1599 902 1687 ⁴);
927 1600 1061 1686 „itaque
1077 1599 1121 1665 sic
1137 1599 1243 1686 priore

218 1708 300 1792 „illo
324 1712 415 1777 verbo
440 1720 591 1798 tanquam
607 1715 731 1800 publico
753 1736 829 1780 usus
851 1736 897 1791 es,
928 1712 1025 1778 etsie
1046 1710 1140 1777 illum
1163 1711 1241 1776 ami·

218 1843 318 1903 „cum
340 1823 474 1903 vocasti,
510 1825 670 1910 quomodo
695 1848 804 1891 omnes
826 1821 1008 1890 candidatos
1036 1821 1136 1889 bonos
1158 1821 1241 1887 viros

217 1930 388 2013 „dicimua
412 1932 572 2019 quomodo
598 1933 706 2000 obvios
727 1935 753 2000 si
774 1957 891 2000 nomen
920 1956 986 2000 non
1007 1933 1166 2000 succurrit
1187 1934 1240 1998 do·

216 2044 338 2125 „minoe
359 2042 565 2111 salutamno.''

262 2153 325 2219 Sed
347 2154 388 2220 ad
408 2155 585 2221 institutum
609 2168 761 2224 revertor.
800 2154 884 2239 Quid
906 2154 1049 2221 valerent
1070 2152 1240 2220 blanditiae
1339 2240 1343 2254 .

218 2263 303 2351 apud
336 2266 419 2331 cives
451 2268 610 2333 Romanos
644 2266 736 2334 nullo
768 2266 915 2354 exemplo
948 2266 1061 2332 melina
1094 2267 1240 2354 cognosci

217 2385 334 2463 potest,
366 2370 462 2463 quam
492 2402 520 2446 a.
549 2401 715 2458 sonions,
749 2381 801 2445 cui
831 2377 1056 2445 blanditiarum
1085 2376 1241 2465 neglectio

218 2510 313 2555 eausa
335 2489 480 2577 repulsae
502 2489 563 2556 fuit
586 2490 627 2580 ⁶).

263 2601 396 2683 „Quum
412 2601 496 2667 enim
516 2601 704 2671 aedilitatem
721 2603 865 2671 curulem
885 2601 1065 2669 adolescens
1079 2608 1200 2687 peteret
1209 2609 1241 2665 et

178 2731 181 2735 ·
216 2735 372 2794 „manum
392 2713 555 2782 cuiusdam
574 2717 683 2782 rustici
701 2738 796 2803 opere
810 2713 956 2781 duratam
975 2736 1064 2780 more
1082 2712 1238 2778 maiorum

215 2824 383 2904 „tenacius
419 2823 674 2910 apprehendisset
707 2825 753 2913 ⁸),
788 2825 849 2889 ioci
881 2824 985 2912 gratia
1016 2821 1237 2909 interrogavit,

216 2955 322 3016 „num
349 2932 495 3000 manibus
520 2934 631 3001 solitus
658 2944 739 3001 esset
763 2932 940 3012 ambulare,
970 2931 1055 3019 qnod
1077 2931 1197 2999 dietum
1219 2953 1238 2996 a

248 3221 268 3289 ¹)
287 3221 365 3275 Ovm.
383 3224 443 3276 Ars.
462 3225 522 3276 Am.
541 3227 563 3278 1.
585 3231 641 3277 144.

247 3302 268 3370 ²)
285 3306 351 3359 Diae.
369 3308 387 3358 l.
401 3325 426 3374 p.
447 3314 477 3359 1⁵
492 3325 528 3376 sq.

245 3387 267 3447 ⁵)
284 3394 372 3458 Epigr.
389 3397 412 3446 1.
434 3399 491 3445 na.
521 3428 528 3444 ,

246 3471 268 3540 ⁴)
284 3478 365 3542 Epist.
382 3478 404 3529 1.
422 3485 447 3529 a.
466 3492 583 3545 pantu
600 3484 660 3530 389.
694 3479 772 3529 Hune
786 3479 870 3529 locum
886 3479 977 3529 idcirco
991 3477 1078 3537 nauli,
1092 3477 1160 3542 quod
1177 3479 1235 3529 inde

210 3574 330 3624 apparere
358 3572 453 3628 maaet,
481 3565 607 3630 quomodo
632 3579 660 3616 re
683 3565 782 3615 turena
808 3565 855 3614 sub
883 3564 1074 3628 imperatoribus
1098 3563 1235 3614 candidatis

121 3637 123 3643 ’
211 3643 385 3696 blandirentur
405 3647 551 3709 Senatores,
575 3656 650 3699 antea
670 3663 731 3699 raro
747 3649 873 3700 candidati
890 3649 997 3699 blandiri
1019 3648 1129 3700 solerent
1142 3649 1234 3698 tanam

212 3728 277 3778 simo
293 3731 408 3796 cuique.”
441 3732 480 3784 Cf.
498 3747 564 3784 utra.
580 3735 612 3785 ad
629 3734 655 3784 h.
674 3735 693 3785 1.

247 3807 640 3882 immunera.

247 3894 267 3962 ⁶)
285 3898 406 3951 solemne
422 3916 476 3951 roc.
492 3903 519 3953 in
535 3903 583 3954 hae
599 3918 627 3954 re
645 3911 682 3955 est
694 3918 825 3969 prmo,
841 3902 910 3969 qnod
925 3899 1015 3951 Graeci
1028 3899 1172 3964 scriptores,
1189 3900 1234 3964 qui

211 3996 252 4034 rea
268 3984 395 4036 Βοωιιιιε
406 3993 513 4038 tractant
530 3988 616 4039 dicunt
634 3990 796 4047 δεξιοῦσθαι
813 3989 856 4040 rel
871 3993 1080 4036 ntrrmaaonot
1095 3981 1121 4033 in
1131 3995 1233 4032 carons

210 4080 299 4123 ποιεῖν
316 4076 364 4128 τὰς
383 4069 525 4129 δεξιώσεις.
