2910 4950
652 402 715 466 189

175 609 229 676 alii
243 633 283 676 ex
300 610 368 676 aliis
383 609 569 698 interreges,
587 610 642 696 qui
661 610 786 676 comitia
801 611 981 679 consularia
994 623 1123 702 propter
1141 638 1193 681 eo·

174 743 247 787 rum
266 720 505 787 candidatorum
528 719 685 786 tumultus
707 731 739 785 et
761 744 891 788 manum
907 735 1060 790 armatam
1079 724 1194 793 habere

173 856 236 899 non
261 844 414 921 poterant.
462 834 569 914 Quum
593 832 672 899 haec
693 833 876 900 acciderunt
903 835 952 924 (ut
974 859 1012 901 ex
1036 837 1195 902 mentione

173 945 348 1032 interregni
371 954 502 1030 apparet
527 952 597 1029 post
618 941 691 1008 Kal.
712 944 779 1010 lan.
797 966 825 1011 a.
845 967 876 1010 u.
894 967 920 1010 c.
948 946 1021 1011 702.
1047 967 1075 1011 a.
1089 945 1121 1010 C.
1136 947 1191 1034 52)

171 1056 273 1120 visum
297 1066 343 1120 est
365 1054 566 1142 optimatibus
587 1077 750 1120 causamn
775 1055 878 1122 solum
901 1079 1009 1123 creare
1031 1057 1194 1123 consulem

170 1167 237 1232 sine
270 1167 409 1256 collega,
442 1175 542 1254 quum
569 1167 622 1232 alii
648 1167 832 1233 dictatorem
862 1190 936 1232 eum
970 1167 1031 1232 diei
1064 1168 1192 1236 vellent.

169 1278 286 1344 Consul
315 1301 343 1344 a.
368 1278 398 1346 d.
424 1302 444 1344 v
468 1278 540 1344 Kal.
564 1280 655 1345 lilart.
689 1301 795 1344 mense
824 1277 1005 1343 intercalari
1032 1277 1056 1365 Ι)
1083 1279 1123 1345 ab
1145 1280 1193 1346 in-

168 1399 294 1478 terrege
320 1414 433 1457 snnvro
458 1411 598 1456 sanmuro
621 1401 745 1455 creatus
769 1389 796 1477 ²)
829 1401 891 1469 est,
923 1391 1091 1476 statimque
1118 1415 1195 1457 con·

168 1500 307 1566 sulatum
332 1503 408 1568 iniit.
457 1504 499 1567 Ut
523 1503 606 1567 enim
634 1524 730 1587 supra
757 1503 937 1568 monuimus
955 1527 995 1569 ex
1018 1525 1192 1585 cressonis,

169 1613 222 1699 qui
253 1611 292 1677 ab
326 1613 484 1701 interrege
518 1623 668 1681 creantur
694 1615 797 1679 statim
821 1615 932 1680 ineunt
954 1616 1189 1703 magistratum

166 1724 265 1812 igitur
284 1726 426 1790 accusari
441 1748 505 1790 non
524 1735 671 1811 possunt,
697 1724 782 1812 quod
803 1725 937 1794 vidimus
951 1728 984 1792 in
1001 1751 1138 1793 nassum
1152 1727 1191 1817 ³).

167 1837 326 1902 Poneams
355 1848 426 1924 post
454 1837 536 1904 diem
565 1839 692 1902 tertium
723 1837 762 1903 de
790 1838 914 1925 legibus
942 1841 1032 1904 noris
1057 1839 1193 1906 ferendis

166 1948 292 2026 retulit,
317 1970 395 2033 quas
417 1972 456 2013 ex
479 1950 535 2012 Sto
557 1949 690 2033 protulit
715 1953 741 2035 ⁴)
768 1948 900 2015 alteram
923 1949 962 2015 de
985 1951 1034 2029 vi,
1059 1950 1191 2016 alteram
1256 2023 1262 2034 q

166 2057 205 2124 de
232 2056 369 2138 ambitu,
403 2080 466 2145 qua
496 2058 572 2145 quid
601 2060 757 2124 sancitum
787 2059 884 2126 fuerit
918 2085 1004 2128 nune
1027 2072 1074 2127 est
1095 2085 1191 2148 expo·

164 2170 315 2238 nendum.
363 2170 588 2253 Quoconsilio
618 2183 651 2236 et
677 2193 736 2237 cur
761 2171 845 2239 hane
875 2172 977 2260 legem
1008 2172 1047 2238 de
1069 2174 1191 2239 ambitu

164 2282 274 2349 tulerit
297 2280 404 2348 scribit
422 2304 571 2348 arrianus
583 2282 626 2370 Β),
655 2281 740 2367 quod
763 2307 899 2349 rounam
919 2284 1079 2350 videretur
1098 2308 1188 2372 prae·

162 2394 269 2458 sertim
299 2393 518 2481 largitionibus
548 2405 580 2460 et
602 2393 723 2459 ambitu
750 2418 830 2482 resp.
856 2406 902 2461 tot
924 2398 1080 2482 tantisque
1103 2397 1187 2463 dila-

162 2515 267 2570 cerata
283 2529 349 2571 esse
367 2505 526 2572 discordiis
542 2505 684 2572 civilibus
707 2507 842 2596 (νοσεῖν).
872 2511 1013 2594 Utraque
1031 2508 1083 2574 lex
1102 2520 1184 2589 erat,

161 2625 198 2682 ut
230 2619 339 2683 multis
372 2618 554 2696 videbatur,
585 2618 787 2706 privilegium
822 2619 854 2684 in
890 2644 1050 2701 ursorum
1087 2622 1185 2710 igitur

162 2750 290 2794 conanus
309 2738 348 2794 tr.
369 2729 413 2813 pl.
436 2728 556 2794 amicus
585 2752 714 2795 umerus
739 2729 788 2794 his
810 2730 933 2818 legibus
956 2733 1098 2796 resistere
1124 2755 1184 2799 vo-

160 2839 235 2919 luit,
260 2839 313 2905 sed
336 2839 454 2905 frustra
467 2839 504 2927 Β).
551 2840 708 2905 Portemus
730 2862 807 2905 ustas
828 2851 875 2907 est
895 2840 1005 2907 eadem
1028 2841 1183 2909 medicina

160 2974 225 3039 qua
259 2963 352 3018 antea
383 2973 575 3017 canrunnms
598 2951 645 3038 ⁷):
680 2950 803 3017 dicebat
835 2975 868 3018 se
894 2953 1010 3030 armis,
1045 2955 1070 3019 si
1103 2964 1183 3022 essm

156 3180 363 3194 —

189 3325 210 3392 1)
228 3328 330 3378 Falssm
348 3342 401 3380 esse
418 3329 494 3392 igitur
511 3329 656 3394 opinionem
672 3343 756 3380 namn
772 3344 817 3394 por
834 3345 860 3381 se
877 3338 980 3395 apparet
993 3346 1073 3396 qnam
1089 3331 1180 3383 scriba

155 3426 194 3476 op.
213 3412 231 3461 1.
250 3428 275 3476 p.
297 3416 354 3463 717.
392 3415 520 3465 uRornam
534 3429 578 3480 per
592 3422 738 3467 semestrem
751 3431 813 3467 coss.
829 3433 881 3468 non
898 3417 1039 3468 habuisse?¹
1074 3415 1113 3469 Gi.
1131 3429 1178 3467 mo

154 3509 257 3547 cassius
275 3498 333 3547 XL.
353 3503 393 3548 47.

188 3577 209 3648 2)
228 3584 295 3632 Aer.
315 3585 345 3633 B.
365 3584 393 3634 C.
412 3586 449 3635 11.
469 3590 510 3635 23.
546 3585 598 3635 Dro
616 3599 719 3638 emeras
736 3587 794 3638 XL.
814 3594 855 3640 50.

188 3663 208 3731 ὃ)
227 3669 290 3717 Ass.
309 3684 332 3732 p.
351 3683 394 3718 on.
414 3674 455 3719 37.
474 3671 504 3720 cs.
522 3685 665 3721 riscnenrs
683 3673 716 3721 ad
733 3687 829 3722 annum
849 3675 906 3722 702.
924 3686 947 3721 a
965 3670 995 3720 C.
1015 3675 1056 3720 52.

186 3751 350 3817 ⁴)Smou1rs
376 3754 408 3802 tle
435 3755 490 3803 lau
518 3756 555 3805 11.
579 3762 621 3805 30.
658 3756 849 3808 Observandum
873 3762 911 3808 est
933 3755 1056 3805 maiorem
1078 3759 1174 3818 partem

151 3839 237 3902 legum
254 3839 286 3888 de
303 3839 398 3887 ambitu
416 3852 470 3889 esee
487 3839 564 3890 latam
580 3855 614 3892 ex
631 3841 700 3893 Sero.

185 3918 204 3984 5)
223 3923 292 3971 Aer.
310 3924 341 3971 B.
360 3921 443 3972 c.11.
464 3928 505 3971 23.

183 4002 203 4070 6)
221 4006 286 4055 Asc.
304 4006 405 4056 toltit.
423 4022 448 4070 p.
465 4020 508 4057 03.
526 4010 569 4056 37,

183 4087 203 4154 7)
222 4089 285 4139 Asc.
303 4105 327 4154 p.
345 4103 388 4139 on.
409 4093 448 4140 75.
526 4119 532 4129 .
