2910 4950
268 574 274 583 ·
340 555 367 619 δ’
391 554 581 640 Bmiqnitm.

339 666 446 748 Quae,
466 688 567 753 quum
583 664 691 730 multis
709 665 742 729 in
762 664 858 730 rebus
871 674 1028 745 versatur,
1049 676 1118 732 tum
1134 669 1318 753 praesertim

294 777 327 842 in
348 777 429 843 ludis
451 777 533 842 etin
552 777 712 857 convivi03
732 775 782 841 his
799 776 884 842 enim
903 799 1000 864 quam
1026 779 1164 844 maxime
1183 778 1319 847 delecta·

294 888 411 954 bantur
428 889 580 971 Quirites,
598 888 683 975 qnod
698 898 805 974 postea
823 888 925 977 magis
936 889 1030 955 etiam
1048 889 1217 957 invaluisse
1234 893 1319 959 testis

293 1010 514 1067 astrueremus
532 1000 571 1087 ¹),
593 1022 692 1085 quum
710 999 801 1065 dicit:
826 1001 906 1086 „qui
926 999 1002 1065 olim
1022 1002 1190 1088 imperium
1206 1001 1317 1082 dabat,

294 1111 368 1195 „nil
391 1110 526 1198 amplius
548 1109 724 1177 desiderare
744 1132 858 1197 quam:
877 1134 995 1198 punem
1016 1125 1046 1178 et
1072 1111 1257 1185 Circenaea.’'

337 1222 423 1306 Quid
445 1222 511 1289 ludi
534 1235 566 1288 ct
587 1222 731 1288 convivia
758 1232 885 1309 possent
906 1222 991 1309 apud
1013 1225 1173 1292 Romanos
1196 1225 1320 1292 dnobus

292 1333 444 1421 exemplis
466 1356 506 1397 ex
528 1331 657 1398 historia
679 1331 833 1400 indicabo.

337 1469 372 1512 ι.
399 1467 536 1510 acaunus
566 1467 682 1509 munus
708 1444 992 1530 splendidissimum
1020 1444 1150 1512 dederat
1171 1449 1204 1514 in
1228 1447 1316 1514 aedi-

292 1557 395 1623 litate:
423 1556 473 1647 (eo
495 1567 636 1643 tempore
654 1555 797 1622 solebant
814 1559 949 1647 Romani
971 1558 1167 1644 spectacula,
1191 1559 1317 1649 gladia-

291 1679 376 1734 tores
405 1677 477 1735 cett.
507 1667 584 1733 dare
614 1677 650 1732 ut
679 1668 798 1754 populo
826 1693 859 1734 sc
885 1668 1154 1758 commendarent)
1185 1669 1224 1735 de
1254 1693 1318 1756 quo

293 1777 452 1865 permulta
485 1786 608 1843 exstant
641 1777 817 1842 testimonia
848 1776 889 1866 ²).
944 1780 1088 1843 Honores
1118 1778 1255 1866 populus
1276 1779 1318 1845 ad

293 1913 368 1956 eum
408 1898 516 1976 postea
551 1887 711 1953 deferebat
746 1888 829 1954 hanc
866 1889 1050 1975 praesertim
1087 1888 1127 1953 ob
1169 1912 1313 1971 causam;

293 2024 394 2089 quum
439 2023 512 2066 reus
560 2010 639 2065 esset
681 1999 951 2086 repetundarum,
995 1999 1139 2086 quamvis
1180 2001 1316 2067 sontissi-

293 2135 380 2191 mns‚
416 2111 580 2177 aedilitatis
617 2133 741 2176 summa
782 2111 1016 2200 magnificentia
1051 2109 1253 2177 absolutionis
1286 2122 1319 2177 et

294 2223 404 2311 populi
437 2221 529 2288 studii
560 2244 669 2288 caussa
700 2223 775 2304 fuit3
807 2224 873 2289 imo
902 2243 1020 2309 magna
1039 2244 1112 2307 pars
1130 2221 1318 2289 defensionis

294 2355 461 2399 creaaonrs
492 2333 591 2420 posita
619 2343 688 2400 erat
717 2334 749 2399 in
781 2333 938 2400 aedilitate
967 2353 1080 2397 sennar
1105 2342 1137 2397 et
1165 2330 1317 2399 ludorum

295 2445 456 2533 opulentia
480 2444 520 2534 ⁸).

339 2555 472 2621 Difficile
490 2554 576 2622 dictu
594 2567 640 2623 est
663 2566 796 2643 quantas
814 2557 969 2641 impensas
985 2553 1013 2642 ⁴)
1033 2552 1165 2619 fecerint
1182 2556 1318 2622 Romani

293 2668 326 2734 in
350 2667 420 2733 illos
442 2665 533 2734 ludos
558 2666 601 2756 5);
631 2690 735 2753 neque
760 2666 821 2733 hoc
850 2666 975 2755 agimus
997 2675 1033 2730 nt
1056 2664 1200 2730 deludis
1222 2688 1317 2732 accu-

292 2787 360 2844 rate
393 2801 480 2846 nunc
520 2776 741 2865 exponendum
776 2778 834 2858 sit3
870 2778 944 2843 satis
977 2788 1024 2842 cst
1056 2775 1207 2843 indicasse
1241 2777 1317 2865 quid

292 2889 451 2956 valuerint
472 2891 505 2957 in
529 2870 707 2956 ambitione.

336 3002 417 3068 Ludi
445 3027 479 3069 n.
508 3022 629 3067 scanno
659 2998 808 3086 proluere
835 3000 875 3065 ob
904 2999 1161 3066 munificentiam.
1216 2998 1316 3065 Aliter

292 3136 368 3180 vero
397 3113 516 3180 factum
549 3122 595 3177 est
625 3113 656 3176 in
680 3136 709 3189 Q.
734 3133 916 3191 rasarone,
941 3113 1008 3191 cui,
1034 3111 1119 3197 quod
1150 3109 1190 3175 ad
1212 3111 1317 3176 maio-

292 3249 365 3293 rum
388 3225 529 3291 instituta
550 3246 583 3289 se
601 3223 735 3289 nimium
751 3223 977 3290 conformasset
994 3234 1144 3311 praetura
1162 3222 1317 3312 denegata

327 3439 347 3508 1)
365 3441 458 3490 Irvrr.
476 3437 529 3487 Sat.
548 3434 583 3486 X.
603 3440 636 3486 80
653 3450 705 3502 seq.

326 3521 348 3589 1)
365 3522 420 3574 Crc.
439 3521 470 3570 dc
488 3518 537 3572 off.
555 3520 593 3569 11.
614 3524 643 3569 16
664 3522 678 3584 §
697 3522 744 3580 57,
769 3521 893 3585 adquam
917 3521 1001 3571 locum
1024 3522 1127 3587 interpr.
1151 3521 1317 3586 inspiciendus

292 3614 330 3660 eat
354 3616 473 3656 armans.
491 3630 525 3638 -υ
543 3603 618 3652 Pam.
636 3604 671 3653 H.
696 3603 730 3654 N.
745 3604 877 3655 XXXVI.
905 3609 934 3654 15
954 3614 980 3656 ct
996 3606 1101 3670 saepius.
1117 3632 1151 3642 -
1162 3608 1232 3657 Van.
1248 3621 1317 3657 aar.

291 3692 330 3743 Π.
349 3696 374 3739 4.
392 3691 408 3752 ξ
426 3691 454 3748 6,
475 3690 497 3737 7.
516 3715 550 3725 -
567 3687 631 3738 Aac.
649 3702 710 3739 ran.
728 3704 752 3753 p.
774 3694 804 3739 18
823 3698 848 3739 ct
869 3692 910 3738 27.

327 3770 347 3837 ³)
365 3771 450 3823 Schol.
469 3771 533 3820 Bob.
553 3769 606 3834 (pro
624 3771 698 3841 Sast)
716 3788 741 3837 p.
759 3788 803 3823 on.
823 3778 882 3823 304.
1155 3836 1163 3843 ⁸

326 3854 348 3920 ⁴)
366 3856 405 3906 De
422 3855 539 3905 ludorum
553 3857 704 3920 sumptibus,
719 3856 1178 3923 cf.n1rarusdablagnit.ltom.p.m.
1190 3862 1248 3919 726,
1260 3863 1317 3910 717.

328 3938 348 4006 ⁵)
367 3941 430 3992 Aac.
449 3954 509 3990 run.
528 3956 552 4005 p.
570 3955 665 3991 orem.
687 3946 726 3990 18.
743 3969 777 3978 -
792 3943 879 3992 Bauer
893 3942 925 3991 ad
943 3953 992 3993 cre.
1007 3945 1039 3995 dc
1057 3942 1107 3996 Off.
1123 3945 1203 3993 II.16
1220 3945 1277 4006 §57
1288 3946 1320 3994 de

294 4039 398 4076 munere
417 4038 535 4075 rournn.
