2910 4950
692 381 734 446 70

248 593 379 657 Necesse
400 591 498 678 igitur
520 598 566 654 est
588 593 625 652 ut
645 586 724 651 haec
745 585 860 652 cadant
881 588 913 651 in
936 586 1083 654 ultimam
1108 610 1137 655 a.
1150 611 1183 657 ιι.
1197 613 1226 657 c.

205 703 269 771 652
292 714 429 790 partem,
454 724 529 767 nam
553 723 581 766 ι.
598 722 792 765 siruamus
811 709 850 766 tr.
871 698 915 785 pt
938 711 1007 765 erat
1029 723 1057 766 a.
1070 724 1103 766 u.
1116 724 1144 768 c.
1162 701 1227 767 653

204 840 234 884 a.
261 818 296 883 C.
329 818 410 895 101,
446 814 544 904 (Trib.
578 812 713 899 pinon
741 812 814 878 Kal.
846 815 913 879 lau.
942 814 997 879 sed
1018 836 1047 880 a.
1070 813 1102 882 d.
1122 836 1155 879 ιι
1179 812 1227 879 ld.

203 929 278 994 Dec.
302 927 523 1014 magistratum
544 923 665 991 inibant
684 926 709 1013 ¹)
720 948 728 1004 ;
756 924 806 989 vel
824 926 857 989 in
877 925 981 1010 priore
1000 935 1090 1011 parte
1109 948 1139 993 a.
1153 948 1184 992 u.
1199 948 1227 991 c.

205 1041 272 1106 654
294 1050 464 1125 antequam
488 1060 648 1103 uersuros
669 1059 835 1103 censuram
858 1037 1060 1123 deposuisset

249 1152 358 1233 Quum
381 1174 409 1216 ι..
434 1172 627 1215 susurremus
648 1151 746 1238 igitur
764 1151 896 1236 gesserit
912 1149 1126 1227 tribunatum,
1152 1169 1181 1216 a.
1194 1170 1229 1215 u.

202 1286 231 1331 c.
256 1263 331 1329 653.
356 1284 460 1327 usuro
483 1262 611 1327 consule
634 1284 655 1326 v
677 1260 857 1327 addendum
875 1271 935 1339 est,
960 1259 1119 1346 quomodo
1141 1260 1230 1326 hunc

201 1374 357 1441 honorem
380 1376 549 1461 acceperit,
575 1396 638 1460 qua
658 1373 700 1439 'de
723 1396 757 1439 rc
780 1374 947 1459 scriptores
965 1374 1059 1439 multi
1081 1373 1229 1462 indigna·

201 1486 301 1553 bundi
323 1486 481 1566 scribunt,
506 1486 591 1572 quod
614 1498 692 1552 tunc
714 1486 780 1551 fere
796 1487 934 1572 primum
955 1508 1011 1572 per
1029 1486 1094 1550 rim
1110 1495 1143 1551 et
1157 1508 1228 1550 cae·

202 1598 258 1664 des
280 1598 375 1663 factio
399 1596 554 1684 quaedam
576 1620 650 1664 suos
668 1598 820 1664 creandos
842 1599 1013 1664 curavisset
1036 1595 1230 1664 candidatos.

203 1710 293 1775 Sicut
319 1710 404 1774 enim
427 1709 546 1775 factum
573 1710 696 1778 eratin
725 1731 827 1775 ιιιιιιο
851 1710 991 1795 primum
1022 1709 1154 1795 petenti,
1185 1709 1230 1774 iu

202 1844 383 1887 ssrunrmo
405 1833 558 1888 eventura
576 1824 703 1889 comitia
724 1822 928 1904 videbantur3
958 1848 992 1888 ιιι
1016 1822 1056 1889 εἰι
1078 1848 1100 1887 ιι
1123 1833 1164 1889 tr.
1185 1822 1229 1910 pl.

204 1935 302 1999 creati
331 1936 393 1999 iam
424 1945 530 2015 erant;
560 1958 645 2001 unus
666 1936 804 2001 restabat
826 1935 913 2001 locus
937 1935 1060 2001 duobus
1083 1935 1231 2002 candida-

202 2046 242 2111 tis
263 2068 295 2111 ι.
320 2068 422 2111 rouro
445 2046 496 2111 vel
516 2068 614 2113 rouro
637 2059 668 2114 et
690 2071 719 2114 n.
744 2070 940 2114 snrunnrsoz
965 2048 1092 2130 „occiso
1115 2071 1146 2114 ι.
1171 2069 1232 2113 ιιο-

203 2178 286 2239 „rno
315 2157 518 2243 competitore
549 2168 590 2222 tr.
615 2156 659 2243 pl.
691 2179 749 2243 per
780 2158 844 2222 vim
875 2167 999 2222 creatus
1029 2180 1093 2222 non
1127 2158 1234 2224 minus

203 2266 384 2350 „violenter
406 2266 618 2347 tribunatum,
642 2290 739 2352 quam
763 2269 911 2353 petierat,
942 2270 1051 2357 gessit,
1076 2280 1107 2333 et
1131 2292 1232 2354 quum

203 2377 338 2465 „legem
369 2379 528 2465 agrariam
559 2400 617 2464 per
642 2379 707 2443 vim
737 2378 858 2444 tulisset
883 2403 1027 2445 nursino
1055 2402 1231 2461 runmreo,

205 2512 289 2571 „oo,
327 2488 413 2574 quod
442 2490 475 2554 iu
504 2511 575 2554 earn
606 2512 672 2556 non
702 2491 862 2557 iuraverat
891 2492 973 2558 diem
996 2492 1075 2559 dixit
1088 2492 1140 2582 ι)”
1158 2503 1231 2559 cett

241 2800 263 2869 ¹)
279 2803 413 2865 Danuuii,
430 2802 521 2854 Gesch.
539 2804 625 2855 Roma
643 2806 680 2855 11.
699 2821 722 2870 p.
742 2807 784 2857 4⁷.

241 2888 286 2939 Sic
308 2902 402 2939 cresso
425 2889 511 2939 scribit
534 2906 558 2939 v.
576 2907 597 2940 e.
621 2906 667 2955 pro
690 2890 755 2940 Sest.
779 2895 812 2939 33
830 2890 844 2956 ij
863 2895 892 2940 il
915 2906 968 2957 sqq.
986 2891 1018 2941 de
1034 2891 1078 2951 iis,
1095 2890 1140 2956 qui
1157 2892 1237 2956 magi·

209 2974 325 3023 stratibus
352 2974 430 3025 irinati
457 2984 530 3036 sunt,
556 2991 636 3041 quum
662 2977 715 3039 ipse
741 2978 772 3025 ab
799 2977 877 3026 exilio
899 2983 1028 3027 revocatus
1051 2985 1102 3026 est:
1127 2977 1237 3028 vineunt

208 3061 403 3122 nmagistratum
418 3062 512 3110 tribuni
527 3061 626 3124 plebis”
644 3069 670 3110 ct
684 3061 769 3123 paullo
783 3070 850 3126 post:
872 3064 998 3112 uveniunt
1011 3063 1070 3110 Kal.
1086 3062 1237 3122 Ianuarium

209 3159 294 3208 aquae
312 3146 402 3204 virtus,
420 3147 501 3206 actio,
518 3147 628 3208 gravitas
643 3161 668 3194 ι.
687 3160 800 3195 amru
818 3147 927 3196 consutis
944 3147 1018 3195 suant
1031 3148 1106 3193 retr.'’

243 3229 409 3277 Luculentius
426 3230 474 3278 hoc
492 3231 568 3278 etiam
583 3229 707 3278 indicatur
725 3246 740 3279 a
757 3242 887 3280 crcsnoun
903 3233 930 3279 in
948 3230 1060 3279 oratione
1075 3229 1237 3280 insultu.

209 3316 224 3360 5
247 3313 262 3374 ξ
283 3316 311 3360 il
338 3328 375 3376 sq.
404 3314 508 3377 uitaque
531 3322 560 3363 ut
586 3315 650 3363 mihi
675 3317 805 3378 designato
831 3315 928 3365 consuli
953 3313 1127 3372 nuntiabatur,
1154 3314 1239 3377 legem

210 3397 356 3457 engratiam
379 3396 491 3444 tribunos
514 3398 548 3461 pl.
573 3399 714 3461 designatos
734 3401 903 3459 conscribere,
934 3399 1063 3461 cupiebam
1085 3400 1147 3463 quid
1173 3402 1239 3463 cogi·

213 3486 316 3528 ararent
342 3484 513 3539 cognoscere”
530 3490 556 3531 et
580 3484 595 3544 ξ
617 3488 654 3532 is.
683 3484 791 3533 ninaunt
815 3483 918 3532 tandem
943 3483 1117 3545 irregistratum
1143 3485 1239 3534 tribuni

211 3565 322 3629 ,plebia
340 3565 384 3613 lex
398 3566 471 3616 initio
489 3567 560 3616 nulla
577 3569 729 3631 proponitur.
765 3567 911 3631 Aliquando
929 3573 1083 3625 inmen,1ne
1098 3566 1238 3629 designato,

211 3652 260 3715 nti.
270 3665 292 3700 o.
311 3660 445 3715 antequam
463 3653 620 3702 consulatum
637 3652 758 3711 intissam)
774 3651 819 3699 lex
836 3652 862 3699 in
880 3650 1009 3715 pubiicum
1026 3654 1198 3716 proponitur?

246 3736 321 3784 Hanc
345 3737 424 3798 ipsam
448 3738 531 3800 legem
552 3744 611 3786 anto
627 3736 687 3784 Kal.
706 3736 761 3785 Ian.
780 3736 831 3785 iarn
848 3750 902 3785 esse
920 3738 1072 3801 propositam
1089 3739 1148 3788 inde
1165 3753 1239 3802 appe·

210 3827 250 3870 ret
272 3821 340 3885 quod
364 3820 418 3872 Cre.
436 3823 518 3886 primo
535 3819 679 3875 consulatus
696 3822 737 3870 ‹lie
758 3836 815 3871 earn
832 3823 983 3874 dissutuerit
1019 3824 1074 3875 Cic.
1093 3826 1120 3874 in
1137 3824 1239 3875 Ruitl.

211 3907 238 3955 in
256 3906 307 3955 Pis.
326 3913 341 3954 2
362 3908 376 3969 ξ
394 3914 418 3955 4.

246 3986 266 4054 ²)
284 3991 343 4040 er.
365 3990 412 4052 Ep.
439 3992 481 4037 69.
505 4000 565 4038 ιιι.
590 4000 657 4037 uix.
683 3989 732 4038 IX.
759 3995 781 4040 7.
807 3992 867 4056 §³-
885 4006 963 4043 ιιοιι
981 3994 1033 4044 ΙΠ.
1056 3997 1101 4053 lo,
1118 3992 1162 4057 qui
1180 4006 1239 4043 eum

211 4090 315 4127 suumn
333 4075 456 4124 nominet.
492 4074 572 4125 Suxr.
590 4088 652 4125 nra.
671 4090 737 4127 vrcr.
756 4079 788 4129 do
806 4081 839 4130 V.
858 4080 881 4129 1.
902 4081 942 4128 73.
1029 4089 1032 4095 ·
1204 4071 1211 4086 ’
