2910 4950
709 421 773 486 125·

228 630 305 696 mihi
325 629 453 717 quidem
477 629 614 710 videtur,
640 631 710 695 iure
732 653 751 696 a
773 628 882 697 multis
904 632 985 698 inter
1010 635 1143 721 optimas
1165 635 1251 701 illius

227 746 382 810 orationes
415 742 579 811 habeatur.
639 745 742 831 Aegre
777 743 920 809 tulerunt
952 745 1010 809 Icti
1039 745 1132 811 multi
1165 745 1251 832 quod

226 879 353 922 aaavms
390 878 545 922 snarrcma
581 878 723 921 summus
760 858 846 922 Ictus
878 866 943 921 tam
981 855 1063 922 mala
1094 857 1251 924 mulcatus

226 990 300 1033 cum
324 968 401 1032 iuris
424 969 552 1034 scientia
574 992 614 1034 ex
632 991 670 1034 eo
693 969 863 1034 certamine
886 968 1012 1047 abierit,
1043 967 1097 1034 sed
1116 984 1152 1034 ut
1174 969 1251 1034 mihi

226 1079 352 1146 videtur
374 1081 498 1147 iniuria.
539 1081 654 1147 Omnia
676 1081 731 1146 illa
752 1080 835 1146 dicta
854 1091 886 1145 et
908 1080 967 1146 ioci
988 1103 1154 1147 arcanorrs
1173 1082 1251 1146 iuris

225 1192 372 1258 scientiae
404 1215 506 1279 usque
535 1192 575 1258 ad
607 1192 668 1259 hoc
698 1203 822 1279 tempus
850 1215 914 1256 non
944 1203 1124 1258 nocuerunt
1145 1215 1250 1278 neque

225 1324 368 1388 unquam
385 1304 556 1371 nocebunt.
581 1305 698 1370 Orator
712 1326 786 1369 suae
799 1302 952 1369 serviebat
968 1325 1080 1368 causae
1092 1315 1124 1369 et
1138 1305 1251 1370 unicus

224 1413 337 1480 modus
360 1436 424 1500 quo
444 1438 598 1480 annam
621 1415 753 1480 feliciter
771 1413 967 1492 defenderet,
989 1415 1044 1500 qni
1066 1415 1132 1479 sine
1153 1415 1251 1480 dubio

224 1525 377 1590 ambitum
389 1528 603 1605 commiserat,
628 1526 680 1592 hic
701 1536 770 1591 erat
787 1535 824 1590 ut
843 1535 1058 1591 accusatorem
1081 1549 1154 1591 cum
1174 1526 1248 1591 sub-

151 1653 158 1666 ’
222 1636 443 1722 scriptoribus,
483 1638 557 1704 iocis
592 1636 719 1724 lepidis,
754 1660 819 1702 non
853 1638 1049 1724 argumentis
1088 1637 1245 1704 obrueret

221 1748 402 1814 Rectissime
425 1761 566 1815 nraar'rna
590 1749 666 1815 mihi
689 1749 802 1814 dixisse
824 1747 962 1813 videtur:
988 1750 1071 1831 „Die
1089 1749 1175 1814 Reda
1194 1750 1248 1815 far

221 1882 377 1942 „annana
407 1862 447 1927 ist
475 1884 535 1949 gar
564 1861 652 1926 nicht
678 1859 810 1948 gehorig
832 1858 1028 1947 gewatrdigt,
1053 1860 1247 1927 namentlich

221 1969 333 2052 „nicht
362 1993 425 2036 von
454 1973 610 2051 Juristeu,
638 1971 689 2037 die
717 1969 783 2036 sich
810 1993 851 2034 zu
875 1969 1022 2036 irrenden
1044 1972 1168 2036 Rittern
1191 1970 1246 2038 des

219 2104 378 2171 „grosscn
399 2082 680 2170 Rechtsgelehrten
703 2105 831 2147 sanvms
853 2103 1009 2146 suarrcrns
1027 2082 1243 2170 aufgeworfen

219 2192 360 2277 „haben
407 2196 479 2258 Man
502 2193 639 2259 bedcnkt
661 2193 749 2259 nicht
770 2192 820 2258 die
838 2191 1168 2280 Gemsrthsstimmnng
1189 2194 1243 2260 des

218 2304 444 2388 „Redenden”
476 2305 544 2394 (qui
571 2316 647 2371 tunc
673 2304 871 2394 gloriabatur
900 2328 932 2369 se
955 2302 1068 2370 urbem
1090 2307 1241 2391 patriam·

218 2437 281 2502 que
303 2416 513 2505 conservasse)
547 2416 706 2499 „sondcrn
731 2417 814 2482 fehlt
836 2415 901 2482 sich
925 2417 957 2481 in
981 2401 1107 2481 kleinen
1127 2418 1254 2501 Ausses

217 2548 371 2614 „rungen
394 2524 571 2614 beleidigt'’
596 2527 636 2615 ¹).
683 2528 756 2592 Post
782 2550 853 2593 eam
879 2527 1113 2606 defensionem,
1144 2551 1239 2614 quam

217 2661 367 2704 susanna
397 2637 553 2704 absolutio
579 2649 686 2704 secuta
715 2650 774 2717 cst,
800 2641 870 2704 iure
893 2642 995 2725 potuit
1026 2641 1128 2705 victus
1155 2662 1239 2708 caro

216 2749 410 2816 exclamare:
432 2745 452 2814 ὦ
477 2748 600 2830 ἄνδρες,
614 2752 653 2822 ὡς
676 2759 798 2828 γελοῖον
825 2749 944 2815 ὕπατον
964 2751 1093 2831 ἔχομεν·
1114 2774 1134 2816 o
1156 2754 1239 2834 Qui-

216 2863 307 2940 rites,
332 2884 429 2948 qnam
452 2859 622 2926 ridiculum
646 2860 808 2925 consulem
830 2860 998 2927 habemus!
1024 2863 1052 2940 2)

260 2974 341 3040 Cum
371 2993 527 3038 nicanora
558 2995 712 3036 suranna
745 2970 954 3037 defenderunt
987 2995 1018 3048 o.
1047 2996 1239 3043 aonransms

215 3094 247 3152 et
269 3108 303 3152 rr.
328 3107 458 3151 massus
483 3083 524 3173 8).
570 3083 748 3150 Accusabat
775 3105 904 3149 sanvms
930 3086 1103 3165 snarmr'ns,
1128 3089 1182 3175 qui
1204 3090 1237 3155 in

247 3357 268 3426 ¹)
284 3360 424 3418 Nraaiirrn,
442 3358 575 3419 Vortrtga.
593 3354 644 3405 111.
663 3369 687 3419 p.
698 3358 730 3402 2⁵
743 3369 779 3418 aq.
815 3352 973 3404 conferenda
991 3362 1027 3405 est
1045 3356 1077 3405 ad
1094 3356 1147 3406 h.l.
1165 3358 1238 3410 docta

212 3445 344 3510 disputatio
360 3458 378 3493 r.
397 3456 496 3503 annac,
515 3442 638 3493 exhibens
655 3438 828 3488 obseruationes
844 3439 1007 3506 opoleqericoa
1023 3457 1068 3507 pro
1085 3443 1146 3494 Ictis
1162 3444 1235 3496 Rom.

212 3527 243 3578 L.
262 3529 293 3578 B.
315 3530 389 3576 1768.
406 3526 552 3590 praesertim
576 3540 599 3575 c.
617 3529 642 3575 3.

246 3609 268 3680 ²)
285 3613 366 3662 Pana.
384 3611 439 3662 Cat
457 3611 522 3661 Min.
543 3615 584 3658 21.

246 3693 266 3762 ὅ)
284 3698 421 3762 Perperam
447 3708 591 3745 aoncnann
615 3693 680 3760 dicit,
698 3709 722 3758 p.
742 3698 807 3754 41⁵,
834 3706 966 3743 marasan
990 3701 1131 3744 accusatum
1151 3709 1238 3746 ossea

212 3796 328 3842 carcaa,
352 3798 402 3847 qna
426 3782 452 3830 in
475 3795 503 3830 re
519 3780 631 3845 sequitur
649 3778 821 3829 ramositatem
839 3792 914 3827 rana.
934 3776 1008 3839 (Cato
1024 3778 1091 3827 Min.
1111 3778 1153 3844 al)
1171 3794 1236 3844 quae

211 3876 278 3920 certe
299 3868 347 3918 hac
369 3868 395 3917 in
416 3881 444 3917 re
467 3865 547 3915 multo
571 3865 674 3916 interior
697 3871 734 3915 est
751 3879 828 3929 quam
845 3864 965 3913 disertm
983 3875 1033 3912 crc.
1050 3864 1235 3926 testimonium,

211 3955 302 4022 passim
321 3953 347 4003 in
364 3959 427 4002 orat
446 3967 469 4016 p.
488 3952 556 4000 Mur.
575 3951 691 4010 obvium,
717 3964 869 4016 quamquam
887 3949 974 4012 negari
992 3962 1041 3996 non
1061 3955 1234 4012 potestesse

211 4052 268 4090 aaa
290 4038 399 4088 multum
420 4037 545 4087 laborasse
562 4043 591 4087 ut
607 4049 718 4086 masa
735 4036 904 4086 damnaretur.
928 4033 968 4086 Cf.
986 4047 1061 4086 ranr.
1080 4034 1112 4084 da
1128 4048 1181 4100 cap.
1200 4048 1240 4113 ox·

211 4127 282 4178 inim.
299 4124 414 4175 utilitate.
432 4139 455 4173 c.
473 4127 496 4172 9.
